1967 3090
764 144 1088 187 —265—

149 259 264 294 Arist.
284 258 380 294 Plut.
411 259 509 293 1151.
537 261 663 303 πατρίς
696 259 767 291 ἐστι
794 258 875 290 πᾶυ’
902 261 937 290 ἵν
963 258 1008 290 ἂν
1035 259 1173 303 πράττῃ
1200 271 1250 292 τις
1276 253 1347 294 εἶν,“
1386 257 1466 294 Wo,
1488 257 1588 294 Sent.
1615 257 1708 293 falso

151 306 246 340 inter
272 305 376 341 Publ.
404 308 537 349 recept.
566 306 645 340 375.
673 304 872 339 Dissimilis
899 306 1080 339 sententia
1107 305 1257 339 Publilii
1283 308 1339 339 est
1368 304 1402 339 V
1430 305 1449 339 7
1475 306 1589 349 (635).

244 353 300 388 44.
328 352 429 387 Nihil
447 363 618 397 magnum
636 357 689 386 est
710 353 748 386 in
766 352 871 386 rebus
891 352 1066 393 humanis,
1094 352 1164 386 nisi
1183 352 1322 386 animus
1341 363 1473 398 magna
1491 353 1706 397 despiciens.

153 411 334 481 Dum¹T¹⁵0ie
352 410 651 482 ἳέῖῗέ.01.ἔέἶ1ῗέῗ.
670 398 1033 482 1{}?PJ¹?¹?‚{1.1{3E{¹...P
1033 399 1180 480 ἓέοῗὲἑὶ
1198 399 1705 494 ἒὲἓὲῗῖῗὲἓωῧῑὲᾲρὲἕῧῖἓῖε

150 493 248 528 nisus
266 492 474 528 IVeidener.
527 493 603 535 „CR
622 492 724 527 Lact.
753 492 842 528 Inst.
872 492 937 526 VI.
968 495 996 527 1.
1016 491 1100 526 Sen.
1127 504 1184 536 ep.
1211 492 1238 527 I.
1267 498 1298 533 8,
1325 494 1378 528 5.“
1424 493 1505 527 wo.
1533 492 1642 529 Prov.
1670 494 1702 529 8.

151 539 209 575 Ri.
235 552 268 575 v.
296 541 336 575 8:
363 539 425 574 Nil
452 541 624 585 magnum
649 541 686 573 in
713 540 837 574 rebust
864 540 934 574 nisi
960 539 1166 583 despiciens
1193 541 1325 584 magna
1352 539 1472 574 homo.

244 588 300 621 45.
328 586 429 631 Quae
457 591 541 621 sunt
567 588 746 621 maximae
773 587 922 621 divitiae
934 588 950 622 ἓ
989 597 1061 620 non
1086 587 1295 621 desiderare
1322 586 1479 622 divitias,

245 645 396 678 magnae
432 633 502 668 Ha.
537 633 592 669 Cf.
619 633 820 668 Woelfflin.
849 633 945 668 Phil.
973 632 1080 668 VIII.
1106 646 1140 677 p.
1171 634 1247 668 185.
1299 632 1381 668 Sen.
1417 645 1472 677 ep.
1508 633 1558 668 II.
1586 635 1605 668 2
1633 635 1711 679 (14)

151 681 213 716 17:
241 680 278 715 Is
305 682 461 715 maxime
488 680 624 715 divitiis
659 680 801 720 fruitur,
829 681 889 724 qui
915 681 1062 714 minime
1089 680 1225 715 divitiis
1252 680 1403 725 indiget.
1431 680 1538 717 Prov.
1559 682 1613 717 68.
1640 681 1709 717 Ri..

149 740 184 764 v.
213 728 276 763 68:
305 727 392 772 Quis
418 728 617 772 plurimum
642 727 774 762 habet?
800 728 829 761 is
857 728 919 771 qui
946 728 1107 761 omnium
1132 727 1324 761 minimum
1350 727 1461 772 cupit.

244 775 300 811 46.
328 775 416 819 Quis
442 775 640 819 plurimum
665 774 800 809 habet?
826 774 856 808 is
883 775 945 818 qui
971 775 1162 809 minimum
1187 775 1296 819 cupit.

244 823 282 856 is
309 822 446 856 delevit
479 820 551 857 Ha.
586 820 639 857 01.
667 821 772 856 Publ.
807 821 826 856 I
849 823 893 856 55
921 822 1033 865 (286).
1082 822 1186 864 ‚.Sen.
1215 833 1269 866 ep.
1298 820 1449 856 XVIII.
1477 822 1496 856 5
1523 822 1625 866 (108)
1654 823 1706 862 117

151 868 236 903 XX.
263 871 283 904 2
318 870 421 914 (119)
456 870 487 904 6.
514 869 653 903 Auson.
688 868 787 912 Sept.
817 868 901 913 Sap.
931 868 1030 904 Sent.
1058 868 1087 903 Ι.
1116 870 1147 903 3.
1200 868 1304 904 Caec.
1331 868 1436 904 Balb.
1463 881 1496 913 p.
1526 870 1582 904 23.
1610 868 1707 905 Mon.

150 915 239 952 XII.
266 916 288 951 8
312 915 431 961 (Sent.
459 915 530 960 98).
581 914 683 949 Stob.
711 915 807 950 Flor.
836 919 861 951 t.
890 916 942 957 17,
971 918 1048 951 31st
1103 916 1186 951 WO.
1215 915 1322 952 PrOV.
1351 915 1407 951 69.
1456 916 1709 952 Pseudo-Seu.

150 963 195 997 de
222 974 313 997 mor.
339 964 396 998 45.
445 961 554 996 Prov.
582 962 637 998 68.
688 962 746 998 Ri.
773 975 804 998 v.
831 963 886 999 68.

242 1010 298 1045 47.
326 1009 423 1053 Quid
448 1012 503 1044 est
529 1009 746 1044 beneficium
771 1010 885 1045 dare?
929 1010 1037 1044 deum
1064 1010 1212 1043 imitari.

249 1057 336 1091 dare
362 1056 580 1091 beneficium
600 1056 724 1103 [deo]?
774 1057 845 1092 Ha.
865 1057 920 1091 01.
948 1056 1031 1091 Sen.
1059 1057 1104 1090 de
1121 1056 1241 1091 benef.
1261 1055 1334 1090 III.
1364 1058 1417 1099 15,
1436 1057 1468 1092 4.
1520 1057 1628 1093 Prov.
1656 1058 1711 1092 70.

148 1103 208 1139 Ri.
234 1116 268 1139 v.
295 1104 358 1139 70:
386 1103 615 1138 Beneficium
641 1104 761 1148 dignis
788 1105 876 1138 dare
902 1104 941 1138 id
967 1107 1021 1138 est
1048 1104 1185 1138 imitari
1211 1104 1331 1138 deum.

243 1151 300 1187 48.
327 1151 527 1185 Honestius
546 1155 599 1185 est
619 1162 701 1185 cuni
718 1151 934 1186 indicaveris
954 1162 1086 1191 amare,
1107 1162 1217 1195 quam
1235 1162 1318 1185 cum
1337 1151 1517 1185 amaveris
1536 1151 1710 1186 iudicare.

245 1198 346 1233 Sent.
373 1198 466 1232 13150
491 1199 588 1232 inter
613 1197 718 1232 Publ.
745 1203 880 1243 recept.
910 1200 963 1233 11.

244 1246 301 1281 49.
328 1244 517 1280 Dissensio
546 1244 591 1278 ab
618 1245 689 1279 alio
717 1246 879 1290 incipiat,
907 1257 928 1279 a
954 1249 990 1279 te
1017 1247 1139 1279 autem
1165 1244 1427 1279 reconciliatio.

229 1292 430 1347 Aristipp.
458 1304 514 1336 ap.
542 1291 645 1326 Stob.
672 1291 770 1326 Flor.
798 1296 823 1328 t.
850 1292 906 1333 84,
934 1293 988 1328 19,
1030 1295 1185 1333 ιιέιιιισο
1220 1292 1276 1325 ὅτι
1311 1292 1372 1333 τῆς
1406 1295 1471 1334 μὲν
1498 1291 1710 1328 διαστάσεως-,-

151 1353 192 1372 συ
223 1353 283 1383 νο,
272 1340 329 1377 ²²0),
355 1340 415 1382 τῆς
440 1337 475 1371 δὲ
502 1337 691 1374 διαλύιςσεω
717 1340 796 1383 ἐμ).
831 1320 941 1375 P10⁷v.
970 1340 1048 1374 1111.
1076 1338 1134 1373 Ri.
1162 1351 1193 1373 v.
1224 1339 1310 1373 101:
1337 1320 1528 1373 1)188011510
1556 1340 1601 1373 ab
1628 1340 1710 1381 allo,

154 1398 174 1421 a
207 1389 242 1420 te
268 1398 412 1420 rursum
438 1386 588 1430 incipiat
615 1386 838 1422 conciliatio.
892 1385 991 1421 Sent.
1019 1386 1112 1420 13150
1140 1387 1236 1420 inter
1261 1385 1366 1421 Publ.
1394 1390 1530 1439 recept.
1560 1387 1636 1421 104.

251 1433 306 1468 50.
334 1432 513 1467 Succuire
541 1433 751 1477 paupertati
778 1434 992 1475 amicorum,
1020 1434 1131 1467 immo
1157 1444 1327 1467 succurre
1354 1433 1479 1467 cuivis.

246 1480 357 1514 immo
393 1491 542 1515 occurre
570 1479 642 1515 Ha.
676 1480 785 1516 Prov.
814 1481 890 1516 102.
928 1480 987 1514 Ri.
1015 1493 1046 1516 v.
1076 1480 1160 1515 103:
1195 1479 1374 1514 Succurre
1408 1481 1524 1515 amieo
1560 1481 1712 1525 pauperi

154 1528 264 1561 immo
291 1528 483 1562 occurrito.

223 1574 301 1610 51.
327 1574 476 1609 Amicos
504 1574 682 1609 secundae
719 1586 774 1609 res
810 1574 946 1618 optime
973 1577 1117 1618 parant,
1148 1574 1323 1608 adversae
1357 1577 1478 1608 autem
1506 1574 1708 1609 certissime

177 1621 318 1656 robant.

150 1633 173 1666 p
250 1672 372 1703 autem
399 1679 468 1704 om.
495 1667 568 1703 Ha.
594 1668 649 1702 01.
669 1668 807 1703 Auson.
826 1667 927 1712 Sept.
954 1667 1038 1712 Sap.
1066 1667 1165 1702 Sent.
1193 1667 1247 1702 ΙΙ.
1267 1669 1298 1703 6.
1319 1669 1350 1702 T.
1377 1667 1479 1702 Sent.
1498 1667 1591 1702 falso
1618 1668 1714 1702 inter

152 1715 259 1750 Publ.
285 1719 422 1760 recept.
449 1716 529 1751 263.
557 1714 661 1750 0300.
680 1715 786 1750 Balb.
813 1728 847 1760 p.
874 1716 929 1750 25.
956 1715 1059 1751 Mon.
1086 1714 1171 1749 XV.
1200 1715 1219 1750 6
1246 1715 1365 1759 (Sent.
1394 1716 1464 1759 53).
1493 1714 1592 1749 Sent.
1620 1715 1711 1750 falso

152 1763 249 1797 inter
274 1762 380 1798 Publ.
407 1766 543 1807 recept.
570 1762 626 1798 87.

246 1811 302 1845 52.
329 1809 461 1844 Peiora
495 1813 577 1844 sunt
612 1812 710 1844 tecta
743 1810 828 1844 odia
861 1821 969 1853 quam
1003 1812 1142 1853 aperta.
1192 1808 1322 1853 Itaque
1357 1812 1392 1843 te
1427 1809 1544 1843 minus
1579 1809 1712 1853 loquax

152 1857 321 1891 inimicus
348 1856 501 1892 offendit
525 1868 633 1900 quam
658 1857 811 1891 tacitus:
845 1857 950 1890 huius
978 1858 1074 1891 enim
1101 1857 1154 1890 ira
1180 1868 1217 1890 se
1245 1857 1416 1897 denudat,
1445 1856 1544 1890 illius
1571 1856 1714 1899 quaerit

151 1903 198 1937 ad
223 1904 428 1939 nocendum
454 1904 694 1939 occasionem.

248 1950 388 1986 Verba:
421 1951 528 1985 huius
562 1951 660 1985 enim
692 1954 781 1994 etqs.
815 1951 913 1995 apud
938 1950 1009 1985 Ha.
1044 1949 1229 1986 deficiunt.
1262 1950 1371 1985 Prov.
1408 1951 1466 1985 50.
1498 1950 1557 1985 Ri.
1594 1961 1627 1985 V.
1655 1949 1710 1985 50.

151 1996 273 2032 Minus
300 2010 408 2042 quam
433 1999 566 2032 tacitus
593 1997 705 2032 laedit
733 1998 899 2033 inimicas
925 1998 1069 2041 loquax,

247 2046 302 2081 53.
328 2044 424 2079 Mira
448 2045 542 2079 ratio
569 2049 635 2085 est,
662 2056 752 2088 quae
778 2056 852 2078 non
877 2045 955 2078 vult
982 2044 1196 2088 praedicari,
1233 2044 1330 2088 quod
1366 2044 1502 2089 gaudet
1535 2043 1712 2088 intellegi.

247 2091 476 2126 Sententiam
503 2092 553 2125 sic
579 2092 753 2135 intellego
780 2092 911 2125 miram
936 2092 1118 2125 rationem
1144 2102 1224 2125 eam
1249 2102 1337 2132 esse,
1365 2103 1458 2135 quae
1477 2102 1550 2125 non
1568 2090 1658 2125 velit
1676 2091 1713 2124 id

153 2139 368 2219 praefilicari,
403 2139 501 2182 quod
526 2138 685 2184 gaudeat
710 2138 888 2183 intellegi.
929 2138 1012 2174 Riv.
1040 2150 1072 2172 v.
1102 2138 1185 2173 183:
1220 2137 1307 2172 Noli
1342 2142 1464 2173 tacere
1498 2138 1595 2181 qubd
1622 2137 1713 2172 velis

152 2185 228 2219 inte
260 2186 319 2230 egi

249 2233 304 2268 54.
330 2233 496 2277 Agnosci
522 2235 630 2273 amat,
658 2232 718 2276 qui
745 2233 842 2276 quod
868 2233 945 2278 agit
972 2232 1143 2267 ostendit.

247 2279 671 2324 Ri.v.184:Agnf>sei
698 2290 734 2313 se
762 2282 859 2313 amat
884 2280 946 2322 qui
972 2279 1049 2313 odit
1076 2290 1153 2313 sese
1182 2278 1387 2313 ostendere.

248 2323 304 2362 55.
330 2327 574 2370 Eleemosyna
600 2338 675 2360 non
700 2329 776 2360 tam
801 2327 1065 2370 accipientibus
1092 2326 1241 2370 prodest
1269 2338 1375 2370 quam
1402 2326 1593 2369 dantibus;

247 2385 356 2418 quam
382 2374 554 2408 dantibus
587 2373 736 2418 prodest
768 2373 839 2409 Ha.
879 2373 978 2409 Sent.
1013 2373 1104 2407 falso
1138 2373 1234 2407 inter
1260 2373 1364 2408 Publ.
1391 2377 1517 2418 recept
1543 2374 1622 2409 274.
1656 2373 1712 2408 01.

154 2419 259 2455 Publ.
286 2421 342 2457 30.
369 2421 474 2457 Caec.
500 2420 606 2456 Balb.
632 2433 667 2464 p.
693 2420 750 2455 23.
777 2420 876 2455 Mon.
903 2420 1010 2456 XIV.
1040 2423 1055 2455 1
1085 2419 1203 2464 (Sent.
1230 2420 1301 2462 49).

250 2467 305 2502 56.
333 2469 403 2512 (et)
429 2479 510 2512 spes
536 2467 690 2512 praemii
716 2467 892 2501 solacium
917 2467 958 2502 fit
982 2467 1131 2502 laboris.

249 2518 285 2549 et
310 2514 381 2549 Ha.
409 2514 511 2550 Sent.
538 2515 630 2549 falso
656 2515 754 2548 inter
771 2513 878 2549 Publ.
906 2518 1043 2559 recept.
1063 2514 1142 2549 256.

249 2561 303 2596 57.
331 2561 431 2606 Quae
458 2566 513 2597 est
538 2562 696 2596 maxima
723 2560 886 2606 egestas?
912 2563 1077 2596 avaritia.

248 2608 302 2642 01.
328 2608 436 2644 Publ.
462 2608 482 2643 Ι
507 2610 527 2644 Τ
553 2610 666 2654 (236).

248 2655 305 2690 58.
330 2655 512 2690 Pecuniae
538 2656 718 2700 imperare
745 2658 903 2699 oportet,
931 2666 1004 2690 non
1031 2656 1179 2690 servire.

249 2701 304 2737 Cf.
330 2702 437 2738 Publ.
463 2703 494 2737 B
521 2703 564 2739 30
599 2703 689 2748 (73).
728 2702 836 2736 Prov.
863 2703 918 2738 46.
946 2702 1005 2737 Ri.
1033 2715 1064 2738 v.
1092 2704 1155 2739 46:
1183 2702 1367 2738 Pecuniae
1393 2701 1584 2747 imperare,
1614 2700 1711 2735 haud

154 2749 289 2783 servire
319 2749 483 2785 addecet.
