1967 3090
884 85 1202 127 -180-

262 199 322 242 qui
363 198 522 232 laborem
560 197 666 243 fugit,
705 198 774 232 nisi
808 199 939 233 crescit
976 199 1028 233 illi
1067 200 1207 234 animus
1234 199 1311 243 ipsa
1338 210 1461 234 rerum
1494 199 1726 260 difficultate.
1761 212 1817 245 ep.

261 244 371 280 VIII
399 247 419 267 ²
445 254 474 285 1
462 246 523 290 1)
549 246 738 290 23.pig10
765 246 935 299 supplicii
962 247 1041 281 loco
1069 247 1173 281 lab‹›r
1198 251 1262 281 est.

354 293 409 327 43.
436 293 497 326 Ad
533 304 569 326 se
601 293 720 334 rediit,
757 294 817 337 qui
853 293 899 327 ad
926 298 1084 328 mentem
1119 294 1250 328 bonam
1282 294 1393 328 rediit
1427 293 1473 330 cf.
1506 294 1590 330 Sen.
1623 294 1668 329 de
1701 295 1818 331 benef.

261 339 311 374 ΙΙ.
342 340 393 381 14,
429 343 448 374 ξὶ
489 339 589 374 Sibi
622 341 768 374 irasci
802 341 936 375 (11011111-
970 353 1013 376 ex
1046 353 1146 375 mor(
1182 341 1314 375 usitato
1342 342 1531 385 loquendi,
1565 352 1673 385 quem
1699 343 1817 388 tangit

261 386 343 422 Seu
383 387 427 421 de
461 387 577 421 benef.
608 386 652 421 V
688 388 719 428 7,
755 390 788 422 ².
821 389 978 433 solemus
1013 389 1151 423 dicere:
1196 389 1333 433 gratias
1368 389 1456 422 mihi
1487 400 1556 434 ago
1582 392 1618 423 et
1644 389 1689 424 de
1715 390 1817 424 nullo

261 434 363 478 queri
390 446 536 478 possum
562 435 632 469 alio
660 425 767 478 quam
794 435 839 470 de
865 447 939 471 me:
967 447 1034 479 ego
1061 435 1169 469 mihi
1197 447 1378 469 nascor
1403 440 1439 470 et
1464 448 1532 480 ego
1561 447 1581 470 a
1598 448 1656 471 me
1682 448 1817 481 poenas

261 482 403 526 exigam
432 486 465 515 et
493 482 553 516 odi
580 493 648 517 me.
675 482 757 518 coll.
808 484 874 523 ,.6
902 482 958 518 De
985 483 1167 517 sententia
1194 482 1239 517 cf.
1267 481 1351 518 Sen.
1376 483 1421 518 de
1447 483 1488 519 ir.
1515 482 1588 519 III.
1616 484 1671 525 25,
1699 485 1730 519 2.

353 530 409 564 44.
431 530 578 563 Causa
604 530 626 565 i.
643 541 672 565 e.
687 530 829 564 occasio
846 530 903 565 vel
926 531 1124 574 periculum
1143 531 1322 564 damni
1315 543 1336 564 1.
1355 542 1385 566 e.
1404 531 1579 575 pecuniae
1603 531 1660 565 vel
1686 531 1740 566 rei
1766 531 1820 565 fa·

261 577 414 610 miliaris
441 576 486 611 cf.
506 576 610 612 Publ.
636 578 671 611 A
690 577 745 613 25.
772 576 807 611 D
835 579 876 613 13
903 579 1015 622 11351.
1042 577 1073 612 L
1100 578 1119 612 6
1145 577 1258 622 (²97).
1285 577 1316 611 L
1348 579 1388 613 18
1415 578 1535 623 (668),
1570 579 1820 622 quaeritur

261 624 283 658 i.
311 636 340 660 e.
375 625 497 669 agitur
530 624 588 658 vel
624 628 811 668 spectatur
849 625 913 664 (cf.
941 624 1016 659 Cic.
1051 625 1130 659 Cat.
1163 624 1236 659 ΙΙΙ.
1265 625 1318 664 10,
1347 625 1420 669 05.)
1454 636 1518 659 nos
1544 625 1818 669 (1101111118.,.08

261 671 401 705 kommt
427 672 532 706 dabei
558 671 723 706 11013118(
764 668 992 708 Sententiam
1011 676 1198 707 assecutus
1225 675 1280 706 est
1306 672 1444 707 Orellio
1470 673 1607 707 rectius
1627 672 1818 715 Gruterus,

260 730 342 753 cum
376 722 625 763 sumptuosam
658 721 889 754 meretricem
923 720 1119 764 multisque
1154 720 1293 754 artibus
1321 720 1539 755 instructam
1571 720 1710 755 diceret
1735 720 1818 755 coll.

260 765 351 802 Hor.
390 766 459 810 Ep.
494 766 524 802 I.
561 767 615 808 17,
643 768 698 803 55.
738 766 843 803 Ovid.
870 768 915 802 A.
943 768 989 803 A.
1015 767 1088 802 III.
1127 768 1206 803 805,
1250 767 1385 802 Plenus
1423 767 1603 812 imprimis
1642 768 1820 803 eiusmodi

258 814 466 848 acuminum
493 817 531 848 et
555 814 776 858 rapinarum,
816 826 904 858 quas
930 815 1139 849 meretrices
1173 826 1344 849 exercere
1383 815 1557 856 sciebant,
1590 814 1745 850 Plautus
1772 815 1819 850 cf.

260 860 368 896 Most.
395 860 425 896 I.
444 862 476 903 3,
503 861 559 897 18.
587 862 643 897 72.
671 862 726 897 95.
755 862 834 897 128.
872 874 957 896 113111
983 865 1124 897 31113101·
1148 862 1351 897 meretricis
1377 874 1495 897 mores
1522 862 1592 897 sibi
1618 863 1706 897 emit
1732 874 1818 897 auro

259 911 296 943 et
320 920 493 953 purpura.
534 910 612 944 139.
639 908 739 945 Trin.
767 909 818 945 II.
848 911 877 950 1,
905 910 959 944 10.

353 956 409 991 45.
449 955 580 1000 Quarti
612 957 715 1001 pedis
752 960 971 1001 anapaestus
1005 957 1305 1001 pronuntiatione
1341 960 1538 991 excusatur
1563 956 1609 993 cf.
1637 957 1684 991 ad
1710 957 1817 991 Publ.

258 1002 290 1037 B
317 1005 361 1038 ²5
388 1004 482 1049 168).
533 1003 690 1038 Versum
729 1005 961 1049 tragoediam
992 1016 1118 1048 sapere
1152 1008 1187 1038 et
1221 1004 1279 1038 hic
1307 1004 1445 1038 fatetur
1469 1004 1694 1039 Ribbeckius
1720 1008 1756 1038 et
1782 1005 1820 1039 in

259 1050 394 1086 Coroll.
420 1063 456 1095 p.
482 1051 640 1086 XCVII.
668 1051 723 1086 Cf.
749 1052 856 1087 Publ.
882 1051 902 1086 I
928 1052 1090 1096 21231).

353 1099 410 1133 46.
436 1098 491 1133 De
517 1111 643 1133 versus
670 1100 848 1133 sententia
875 1103 960 1149 apte
987 1102 1176 1143 comparat
1203 1098 1382 1133 Gruterus
1410 1098 1535 1142 Quint.
1559 1098 1712 1133 declam.
1731 1071 1817 1134 XV.

263 1147 304 1180 11
332 1146 404 1187 (ed.
432 1146 512 1190 Bip.
540 1146 609 1180 vol.
637 1145 710 1182 III.
738 1159 772 1190 p.
793 1147 872 1181 237.
876 1152 911 1191 J
938 1146 996 1180 Ex
1014 1146 1181 1180 omnibus
1200 1149 1334 1187 tamen,
1361 1157 1453 1189 quae
1471 1146 1574 1180 nobis
1591 1146 1819 1190 patientibus

260 1196 449 1246 extorquet
484 1194 646 1233 aflectus.
683 1194 750 1228 hoc
785 1194 1036 1227 saevissimum
1061 1193 1232 1237 patimur,
1269 1193 1368 1238 quod
1393 1204 1499 1227 nemo
1525 1193 1603 1227 vult
1629 1194 1666 1227 in
1692 1205 1817 1229 amore

260 1241 392 1276 8311311.
435 1241 489 1276 of.
516 1230 669 1276 Theocr.
695 1240 752 1276 Id.
779 1240 848 1274 XI.
876 1242 932 1276 72.
960 1240 1072 1286 Verg.
1098 1240 1176 1275 Ecl.
1204 1240 1255 1274 II.
1284 1241 1339 1276 69.

353 1288 409 1323 47.
436 1288 555 1322 Plaut.
581 1287 685 1324 Curc.
701 1288 750 1322 II.
770 1290 798 1329 1,
815 1290 870 1323 25.
886 1287 1010 1323 Facile
1025 1292 1079 1322 est
1093 1289 1267 1322 miserum
1282 1288 1446 1322 irridere.
1477 1287 1615 1322 Similis
1635 1289 1819 1323 sententia

259 1338 379 1369 exstat
406 1336 503 1379 apud
521 1335 627 1371 Caec.
646 1335 749 1371 Balb.
769 1348 804 1380 p.
824 1336 880 1370 34.
899 1336 997 1370 Mon.
1016 1335 1199 1370 XLVIII.
1224 1337 1255 1371 9.
1274 1347 1309 1380 p.
1329 1336 1383 1371 38.
1410 1334 1495 1370 Par.
1525 1336 1579 1371 16.
1599 1335 1716 1379 (Sent.
1743 1336 1817 1381 88).

353 1383 408 1417 48.
438 1382 529 1417 Cum
555 1383 719 1417 eiusdem
745 1384 952 1428 argumenti
980 1395 1104 1417 versus
1123 1383 1331 1417 inveniatur
1348 1382 1455 1418 Publ.
1473 1382 1503 1417 F
1523 1383 1565 1417 15
1586 1383 1687 1428 (180)
1714 1384 1818 1425 alter,

258 1430 389 1464 tertius
417 1434 539 1464 autem
565 1431 714 1465 accedat
742 1442 762 1464 a
789 1430 894 1466 Publ.
928 1430 962 1464 N
989 1431 1032 1465 16
1059 1430 1176 1475 (392):
1212 1442 1303 1464 unus
1331 1430 1529 1475 Spengelio
1564 1442 1641 1465 esse
1666 1429 1819 1465 Publilii

257 1477 287 1511 F
316 1478 358 1512 15
385 1478 496 1523 (180),
524 1478 596 1512 (1110
622 1478 754 1521 reliqui
780 1478 1038 1522 interpolatori
1065 1478 1190 1512 deberi
1216 1478 1396 1512 videntur.
1426 1477 1480 1512 Cf.
1506 1477 1677 1523 Spengel.
1704 1478 1817 1522 praef.

257 1537 292 1569 p.
322 1525 375 1560 14.
403 1529 439 1559 et
466 1528 521 1561 21).
548 1525 751 1561 Woelfflin.
778 1525 874 1560 Phil.
902 1525 1030 1561 XXII.
1056 1538 1090 1570 p.
1118 1525 1198 1560 457.
1225 1525 1306 1560 458.

352 1573 408 1607 49.
449 1572 519 1617 Qui
545 1573 708 1606 laborem
733 1576 892 1613 excusat,
929 1574 962 1607 ei
996 1573 1195 1607 verendum
1221 1576 1286 1612 est,
1322 1584 1367 1606 110
1394 1573 1519 1607 inertis
1546 1573 1676 1618 potius,
1706 1585 1819 1617 quam

257 1619 431 1654 laboriosi
460 1620 616 1654 hominis
649 1621 893 1665 suspicionem
923 1620 1066 1659 subeat;
1105 1632 1170 1654 nos
1202 1620 1373 1655 dicimus:
1412 1619 1510 1663 „Der
1528 1620 1730 1655 Faulenzer
1756 1621 1819 1656 hat

256 1667 387 1702 immer
412 1668 635 1702 Ausredenf‘
673 1667 728 1702 Of.
755 1667 927 1712 Spengel.
955 1668 1068 1712 praef.
1093 1680 1129 1712 p.
1158 1668 1213 1702 14.

353 1716 407 1750 50.
435 1715 570 1749 Facere
589 1715 696 1749 facile
715 1718 751 1749 et
769 1715 887 1750 facere
906 1716 1077 1749 iniuriam
1097 1715 1274 1749 dictiones
1301 1715 1616 1758 frequentissimae
1643 1715 1689 1750 cf.
1708 1715 1816 1750 Publ.

256 1762 277 1796 Ι
303 1763 346 1797 55
374 1762 485 1807 1285).
511 1762 550 1797 M
577 1763 598 1797 2
624 1763 738 1807 (310).
777 1762 897 1798 Plaut.
924 1762 1024 1797 Trin.
1052 1762 1127 1797 III.
1154 1763 1186 1797 2.
1213 1763 1245 1798 4.
1274 1762 1370 1806 quod
1398 1766 1451 1796 est
1471 1762 1686 1797 facillimum
1712 1762 1815 1798 facis.

257 1809 355 1854 Quid
389 1810 427 1843 id
466 1809 543 1844 est?
582 1810 714 1844 Amico
740 1810 920 1845 iniuriam.
961 1809 1044 1844 Seu.
1083 1810 1198 1844 Theb.
1232 1810 1311 1845 493.
1351 1809 1499 1844 Patiare
1532 1810 1670 1854 potius,
1710 1822 1819 1854 quam

257 1856 369 1891 facias
400 1858 529 1893 scelus.
569 1856 690 1901 Quint.
723 1857 830 1893 VIII.
858 1858 889 1899 5,
917 1858 948 1891 4.
976 1857 1066 1893 XII.
1096 1858 1149 1893 10.
1176 1858 1231 1892 77.

353 1905 408 1939 51.
447 1904 571 1938 Iratus
598 1906 650 1938 ita
686 1905 809 1939 invehi
841 1906 879 1938 in
905 1905 1155 1939 adversarium
1182 1904 1283 1940 solet.
1312 1908 1350 1938 ut
1377 1904 1550 1949 quicquid
1577 1904 1667 1939 dicit
1693 1904 1815 1939 crimi-

255 1952 367 1986 nandi
394 1964 501 1986 causa
527 1952 650 1986 dicere
676 1953 854 1988 videatur.

351 2000 407 2035 52.
433 1999 724 2040 Remedium,
751 2011 822 2043 quo
842 1999 1020 2034 vocabulo
1046 1999 1225 2034 Publilius
1252 2000 1432 2043 imprimis
1458 1999 1661 2033 delectatus
1688 2002 1753 2040 est,
1782 2003 1818 2034 et

256 2047 386 2087 morbi,
414 2059 485 2091 quo
512 2047 659 2081 morbus
687 2047 847 2088 tollatur,
875 2047 920 2082 cf.
949 2047 994 2081 ad
1020 2046 1127 2082 Publ.
1155 2046 1174 2080 I
1200 2048 1243 2081 21
1271 2047 1382 2091 1250),
1409 2050 1446 2081 01
1463 2047 1608 2087 medici,
1635 2046 1696 2090 qui
1721 2058 1817 2081 mor-

256 2093 343 2128 bum
369 2098 483 2135 curat.
520 2095 827 2129 medicamentum
853 2094 1045 2140 significat,
1079 2094 1178 2138 quod
1204 2094 1336 2128 Graeci
1361 2098 1495 2129 vocant
1525 2094 1742 2140 ἐπικούρημα
1770 2093 1816 2129 cf.

256 2141 351 2176 Xen.
378 2142 498 2177 Anab.
533 2142 599 2176 IV.
635 2143 666 2183 5,
697 2143 750 2178 13.
801 2141 903 2176 Illud
939 2154 1021 2177 cum
1054 2142 1243 2186 genetivo,
1283 2142 1345 2186 qui
1379 2142 1523 2183 dicitur,
1562 2141 1696 2176 obiecti
1733 2152 1817 2175 con-

257 2189 420 2222 iunctum
447 2190 515 2223 etsi
534 2201 599 2223 usu
626 2190 677 2223 sic
696 2190 919 2224 celebratum
946 2193 1012 2231 est,
1039 2194 1078 2223 ut
1104 2189 1269 2234 exempla
1298 2189 1427 2223 afferre
1453 2189 1598 2233 pigeat:
1625 2191 1748 2222 tamen
1772 2200 1818 2223 110

256 2235 327 2270 1100
360 2236 507 2280 (1111(10111
541 2237 709 2281 exemplo
736 2240 845 2277 caret,
873 2240 910 2271 ut
938 2248 1019 2272 cum
1044 2237 1214 2282 genetivo
1240 2248 1349 2280 quem
1374 2240 1518 2277 vocant,
1546 2235 1701 2270 subiecti
1730 2246 1815 2269 con-

257 2283 439 2329 iungatur.
489 2283 543 2319 Cf.
571 2284 645 2319 Cic.
680 2295 748 2328 pro
775 2284 917 2318 Cluent.
951 2285 1007 2320 35.
1040 2295 1154 2328 neque
1189 2284 1245 2318 his
1279 2283 1517 2328 temporibus,
1553 2283 1609 2317 his
1642 2283 1815 2323 moribus,

258 2329 315 2364 his
352 2331 627 2376 magistratibus
667 2332 744 2365 81110
770 2334 892 2366 vestra
930 2332 1110 2376 sapientia
1148 2342 1189 2365 ac
1227 2332 1303 2365 sine
1338 2331 1557 2366 iudiciorum
1590 2330 1816 2365 remediis

260 2378 352 2412 salvi
371 2389 448 2412 esse
467 2379 658 2423 possimus.
699 2378 784 2414 Sen.
811 2379 869 2413 ad.
896 2378 1008 2413 Marc.
1037 2379 1081 2414 de
1107 2378 1242 2413 consol
1270 2378 1300 2413 I.
1328 2381 1360 2413 6.
1387 2379 1479 2412 illud
1504 2379 1625 2423 ipsum
1650 2377 1817 2412 naturale

258 2426 515 2460 remedium
549 2427 737 2470 temporis,
776 2426 873 2470 quod
907 2427 1081 2461 maximas
1108 2438 1251 2470 quoque
1277 2437 1467 2460 aerumnas
1494 2425 1678 2469 conponit,
1718 2425 1756 2458 in
1779 2428 1816 2459 10

258 2484 330 2506 11113
356 2474 430 2506 xim
456 2485 557 2507 suam
582 2473 755 2517 perdidit.
790 2485 845 2518 ep.
871 2473 956 2509 XX.
983 2474 1003 2508 6
1031 2474 1093 2518 (12
1097 2475 1135 2519 3)
1162 2474 1195 2509 4.
1222 2485 1293 2508 non
1319 2476 1500 2507 unctores.
1535 2484 1610 2507 non
1634 2472 1815 2513 balneum,

258 2531 333 2553 non
358 2520 473 2554 ullum
499 2521 600 2555 aliud
625 2520 876 2554 remedium
903 2532 1012 2564 quam
1037 2521 1212 2565 temporis
1239 2532 1386 2564 quaerO.
1421 2510 1547 2563 Neque
1572 2519 1686 2565 igitur
1711 2518 1815 2553 dubi-

258 2567 411 2601 tandum
446 2568 610 2609 videtur,
649 2568 736 2611 quin
770 2568 1022 2603 remedium
1050 2568 1314 2612 sapientiae
1350 2567 1388 2601 id
1412 2568 1718 2602 medicamentum
1743 2566 1816 2602 dici

261 2615 386 2658 possit,
415 2615 511 2658 quod
538 2594 716 2659 sapientia
743 2619 871 2649 contra
897 2616 1076 2650 incertum
1102 2615 1264 2650 animum
1290 2615 1511 2659 suppeditat.
1549 2613 1630 2659 Quo
1649 2613 1815 2648 adhibito

260 2661 340 2696 fieri
365 2662 468 2703 solet,
502 2666 541 2696 ut
575 2662 620 2696 ab
655 2663 794 2697 incerta
828 2662 1057 2697 dubitatione
1093 2674 1134 2697 ac
1168 2662 1403 2697 fluctuatione
1436 2662 1577 2696 animus
1609 2661 1655 2695 ad
1681 2664 1816 2696 certam

260 2719 384 2743 rerum
421 2710 667 2754 cognitionem
704 2709 937 2754 perducatur.
998 2709 1097 2745 Hinc
1132 2709 1206 2745 Cic.
1241 2710 1285 2744 de
1320 2713 1392 2745 nat.
1428 2709 1527 2745 deor.
1554 2708 1585 2743 Ι.
1613 2710 1645 2744 1.
1670 2719 1815 2743 causam
