1967 3090
907 104 962 110 —
1024 81 1109 125 206
1173 107 1203 111 -

289 200 445 234 lectione
465 210 591 233 severa
610 199 865 241 inrigarentur,
895 201 933 232 ut
953 199 1153 243 sapientiae
1170 199 1375 243 praeceptis
1403 199 1542 233 animos
1569 201 1838 243 componerent,

288 250 327 280 ut.
361 246 473 280 verba
508 246 623 279 atroci
659 246 744 279 stilo
781 245 983 280 effoderent
1011 275 1017 281 .
1047 274 1052 281 .
1082 272 1088 279 .
1118 274 1125 281 .
1154 246 1226 279 iam
1261 246 1325 279 illa
1350 246 1500 290 grandis
1535 246 1654 279 oratio
1689 246 1840 281 haberet

288 293 488 327 maiestatis
517 304 601 326 suae
622 293 777 337 pondus.

383 341 438 375 57.
478 339 534 374 De
559 340 761 374 sententiae
780 340 1044 383 compositione
1071 339 1116 375 cf.
1136 339 1242 374 Publ.
1272 340 1303 374 N
1330 341 1374 375 :35
1401 341 1512 384 (411).
1552 339 1666 384 Quam
1695 343 1735 374 ut
1760 351 1842 385 pro-

287 388 358 427 bet,
395 388 667 432 comparatione
702 390 810 431 po'e'ta
843 387 960 421 utitur
994 388 1088 422 hunc
1116 387 1150 421 in
1178 387 1344 422 modum:
1386 387 1468 421 Non
1503 388 1619 431 magis
1651 388 1843 432 quisquam

286 446 456 475 amorem,
486 446 594 478 quam
619 438 777 469 mortem
803 434 961 477 effugere
988 438 1120 479 potest.

381 483 435 517 58.
454 482 670 516 Addecet
696 482 846 516 verbum
870 481 1081 516 Plautinum
1107 485 1172 517 est.
1213 481 1387 515 Nostrum
1413 482 1481 515 hoc
1509 482 1743 526 proverbium
1770 485 1841 517 est:

288 529 398 571 „Man
433 541 531 563 muss
566 529 624 563 die
651 528 753 563 Noth
779 532 949 573 ertragen
976 530 1048 563 und
1076 529 1178 563 nicht
1205 529 1362 563 dariiber
1388 529 1551 573 klagen.“
1588 529 1641 563 Cf.
1669 528 1843 565 Wander.

286 576 461 612 Deutseh.
490 576 867 621 Sprichwo’rter-Lex.
894 580 980 611 tom.
1009 576 1082 611 III.
1111 589 1144 621 p.
1178 577 1276 611 1050.

380 625 435 660 59.
464 624 658 668 Nunquam
693 624 833 658 facilius
860 625 969 668 culpa
995 625 1095 665 latet,
1131 635 1240 667 quam
1265 623 1326 657 ubi
1353 624 1391 657 in
1417 624 1646 658 consciorum
1680 623 1842 658 multitu-

285 671 408 706 dinem
429 671 645 706 abscondita
664 672 783 707 fuerit.
813 672 866 707 Cf.
887 671 969 706 Sen.
990 671 1091 706 Suas.
1119 671 1170 705 11.
1198 683 1232 715 p.
1264 672 1314 705 14.
1343 671 1397 705 ed.
1425 671 1508 716 Bip.
1536 671 1703 706 latuisset
1728 671 1843 705 virtus

284 719 381 753 inter
407 719 624 754 Troezenios
653 748 659 755 .
689 746 695 753 .
724 748 730 754 .
764 747 769 751 .
809 719 854 753 In
888 718 957 754 hoc
983 719 1195 761 restitimus,
1232 730 1277 753 ne
1312 719 1348 752 in
1374 719 1482 753 turba
1510 718 1729 764 fugientium
1754 718 1842 753 late-

285 778 419 801 remus.
447 779 481 811 p.
513 768 565 801 11').
593 778 667 801 non
692 767 824 801 latebit
849 767 886 800 in
913 766 1020 800 turba
1047 766 1156 802 Laco,

379 814 409 849 Ο
439 815 467 850 1.
495 813 647 848 Soloece
674 826 755 848 cum
787 815 825 848 in
850 814 879 848 F
907 814 1081 848 traditum
1109 818 1214 855 esset,
1253 814 1381 857 scripsi
1408 814 1605 854 demum,
1641 813 1710 848 hoc
1735 824 1842 858 repu-

284 864 365 894 tans
392 861 471 895 fieri
490 862 650 905 potuisse
677 864 716 895 ut
742 862 840 895 dem
851 874 872 894 11
883 873 1022 895 mcum
1050 862 1085 895 in
1119 873 1434 905 quemcunque
1470 861 1743 905 depravaretur.
1787 859 1842 894 Si-

283 908 435 953 gnificat
464 909 643 942 demum
668 909 765 943 idem
784 912 891 952 atque
917 912 1011 942 tum
1037 909 1203 942 maxim
1214 921 1241 943 e.
1295 908 1397 942 Haec
1417 909 1513 942 enim
1529 920 1570 942 ea
1597 908 1642 942 de
1663 908 1843 952 particula

284 955 453 990 Handius
487 955 589 990 Turs.
627 956 696 990 vol.
731 955 782 989 11.
816 968 851 1000 p.
888 956 966 991 253.
1014 955 1063 998 „T
1076 968 1140 989 um
1176 957 1355 990 demum
1391 959 1529 990 veteres
1567 958 1742 999 usurpant
1769 967 1841 990 non

284 1003 355 1036 nisi
392 1005 429 1036 in
465 1003 677 1037 condicione
704 1004 927 1047 praeposita,
964 1006 1004 1036 ut
1035 1004 1242 1037 consecutio
1275 1003 1450 1037 maiorem
1477 1003 1553 1036 vim
1580 1003 1747 1047 accipiat.
1797 1001 1841 1037 In

283 1050 400 1084 altera
434 1055 537 1094 parte
572 1050 774 1084 sententiae
806 1054 867 1084 aut
902 1051 932 1084 si
967 1054 1028 1084 aut
1060 1051 1121 1084 ubi
1155 1054 1217 1084 aut
1252 1062 1349 1084 cum
1384 1051 1542 1094 ponitur.
1590 1050 1639 1084 Et
1665 1050 1842 1084 demum

284 1098 536 1132 necessitatem
575 1098 723 1141 quidem
757 1098 1024 1132 consecutionis
1064 1098 1115 1131 ita
1149 1098 1330 1141 exprimit,
1370 1101 1409 1130 ut
1436 1097 1540 1131 reddi
1574 1098 1707 1141 possit:
1746 1101 1842 1131 tum

283 1145 570 1179 certissime.
606 1148 702 1178 tum
728 1146 937 1179 maxime.
977 1144 1098 1179 Etiam
1125 1145 1223 1178 dem
1235 1157 1303 1178 um
1330 1145 1396 1179 hoc
1424 1143 1632 1189 significatu
1657 1156 1723 1188 pro
1749 1147 1842 1178 tum

283 1192 457 1226 demum
493 1192 675 1227 dicebant.
727 1192 782 1226 Cf.
809 1191 915 1227 Publ.
943 1193 980 1226 A
1005 1193 1059 1227 20.
1095 1191 1216 1226 Plaut.
1244 1191 1352 1227 Mero.
1382 1191 1427 1226 V.
1455 1194 1485 1227 2.
1515 1192 1568 1226 68.
1606 1195 1751 1225 servata
1784 1203 1840 1226 res

283 1243 338 1274 est
363 1240 415 1273 de
428 1252 539 1273 mum
551 1250 564 1279 ,¹
595 1240 623 1273 si
650 1239 751 1273 illam
777 1240 915 1274 videro.
956 1239 1049 1273 Plin.
1077 1252 1132 1273 90.
1160 1239 1233 1274 111.
1263 1240 1293 1274 2.
1329 1239 1458 1282 quibus
1486 1238 1653 1273 omnibus
1687 1239 1739 1273 ita
1765 1238 1840 1272 de-

281 1299 397 1320 mum
425 1287 553 1320 similis
588 1287 781 1327 adolescet,
819 1287 849 1320 si
882 1287 1042 1321 imbutus
1081 1287 1243 1321 honestis
1279 1287 1416 1320 artibus
1453 1286 1572 1321 fuerit.
1633 1285 1769 1320 Similis
1796 1286 1841 1320 de

283 1335 428 1368 fortuna
456 1335 636 1368 sententia
661 1338 714 1368 est
741 1335 838 1378 apud
863 1334 969 1369 Publ.
996 1333 1025 1368 F
1051 1336 1070 1369 2
1100 1335 1213 1379 (167).

378 1384 409 1417 2.
453 1382 687 1415 Contrariam
723 1383 943 1416 sententiam
974 1382 1069 1416 hanc
1096 1382 1205 1416 habet
1234 1381 1438 1415 W⁷anderus
1476 1380 1666 1426 (Deutsch.
1693 1379 1840 1425 Sprich-

282 1429 525 1463 worter-Lex.
553 1432 640 1463 tom.
668 1428 718 1464 Π.
745 1441 780 1473 p.
809 1430 923 1472 206.):
952 1429 1058 1463 Auch
1086 1428 1181 1463 Giite
1208 1429 1324 1473 platzt
1348 1429 1423 1462 und
1448 1429 1511 1462 hat
1537 1429 1595 1463 ein
1621 1428 1734 1463 Ende.

377 1477 409 1512 3.
444 1476 491 1510 Ni
526 1476 644 1516 fallor,
680 1477 903 1511 accusat-ivus
940 1477 1234 1521 contemplantis,
1275 1477 1461 1510 vocativus
1488 1477 1737 1515 monstrantis,
1777 1475 1840 1509 ille

281 1526 391 1568 poeta
418 1524 532 1567 lyrici,
570 1524 628 1557 hic
656 1525 789 1558 scenici
816 1528 881 1557 est.
923 1524 978 1559 Cf.
1005 1524 1110 1559 Publ.
1138 1524 1176 1558 M
1203 1525 1246 1559 52
1275 1525 1386 1568 (3450).
1416 1523 1445 1557 O
1471 1523 1492 1558 8
1519 1524 1614 1566 443).
1644 1522 1838 1565 „Infelices

282 1571 451 1606 laborant
466 1571 561 1604 vitae
585 1571 717 1605 taedio.
748 1571 931 1606 Felicibus
956 1583 1052 1606 mors
1076 1575 1160 1605 ante
1175 1572 1271 1605 diem
1285 1572 1428 1605 videtur
1442 1571 1618 1612 accidere,
1633 1570 1729 1614 quod
1744 1570 1840 1604 vitae

282 1619 444 1653 taedium
466 1630 539 1652 non
563 1619 755 1652 sentiant.“
784 1619 967 1653 Erasmus.
981 1619 1035 1654 Cf.
1051 1619 1272 1663 Apollonius
1295 1618 1391 1663 apud
1414 1617 1515 1653 Stob.
1531 1618 1626 1652 Flor.
1642 1622 1666 1651 t.
1687 1617 1762 1657 121,
1783 1617 1839 1652 34.

280 1666 410 1712 βραχὺς
436 1664 454 1699 ὁ
489 1669 565 1709 βίος
591 1665 782 1710 ἀνθρώπῳ
808 1663 845 1698 εἶν
871 1668 1079 1711 πράττοντι,
1106 1665 1330 1707 bien-Zotha
1369 1665 1405 1697 δὲ
1430 1666 1573 1711 μακρός.
1618 1663 1743 1708 Quint.
1770 1663 1837 1698 IV.

282 1714 313 1754 2,
341 1714 396 1748 46.
430 1725 514 1747 113111
548 1716 585 1747 et
610 1713 707 1747 fallit
742 1714 910 1758 voluptas
939 1717 973 1747 et
999 1714 1117 1747 minus
1145 1714 1264 1757 longa,
1308 1725 1399 1756 quae
1427 1713 1620 1752 delectant,
1656 1712 1837 1752 videntur,

282 1764 321 1795 ut
355 1772 549 1794 amoenum
581 1772 622 1794 ac
659 1761 770 1795 molle
797 1762 878 1801 iter,
918 1762 1060 1795 etiamsi
1096 1764 1151 1794 est
1185 1760 1291 1804 spatii
1318 1760 1513 1804 amplioris,
1549 1760 1666 1793 minus
1693 1759 1836 1804 fatigat.

282 1820 391 1851 quam
422 1808 554 1842 durum
584 1808 806 1852 arduumque
830 1809 1096 1852 compendium.
1141 1807 1222 1841 Sen.
1251 1819 1304 1851 ep.
1332 1807 1376 1842 X.
1410 1810 1421 1841 1
1453 1808 1530 1851 (VT)
1557 1807 1611 1842 ¹20.
1639 1807 1739 1840 nulla
1765 1807 1840 1840 vita

281 1867 355 1889 non
388 1859 443 1889 est
476 1855 608 1890 brevis
643 1866 698 1899 ep.
734 1855 780 1889 X.
809 1857 828 1891 2
863 1856 940 1895 ίῖὅ)
967 1856 1023 1890 27.
1058 1855 1114 1889 1113
1141 1866 1286 1889 necesse
1324 1860 1377 1889 est
1403 1855 1519 1888 videri
1555 1865 1699 1888 omnem
1724 1853 1839 1887 vitam

282 1903 441 1943 brevem,
469 1903 528 1946 qui
555 1902 655 1936 illam
680 1903 933 1947 voluptatibus
960 1904 1063 1936 vanis
1090 1907 1124 1937 et
1152 1903 1234 1936 ideo
1261 1902 1411 1936 infinitis
1437 1902 1648 1936 metiuntur.
1676 1912 1731 1944 ep.
1751 1899 1837 1934 XV.

288 1953 296 1984 1
330 1951 409 1994 193)
436 1950 468 1984 2.
497 1950 608 1994 longa
634 1953 689 1983 est
715 1951 799 1991 vita,
828 1952 858 1984 si
883 1950 991 1994 plena
1019 1954 1083 1984 est.
1124 1949 1306 1994 Impletur
1332 1956 1463 1987 autem.
1493 1960 1575 1982 cum
1601 1949 1740 1982 animus
1768 1948 1837 1981 sibi

283 1998 417 2031 bonum
444 2009 546 2030 suum
572 1997 734 2031 reddidit·
760 2002 795 2032 et
821 1998 867 2032 ad
895 2009 931 2031 se
958 2001 1178 2042 potestatem
1206 1998 1259 2031 sui
1285 1996 1485 2031 transtulit.

376 2045 408 2079 4.
439 2044 651 2078 Sententiae
677 2046 839 2088 quamm's
860 2045 995 2079 similes
1024 2048 1105 2079 sunt
1124 2045 1211 2078 haec
1237 2049 1273 2078 et
1291 2044 1317 2077 C
1337 2044 1464 2088 2136),
1491 2047 1614 2077 tamen
1640 2046 1679 2077 ut
1705 2042 1835 2083 verbis,

280 2092 332 2125 ita
359 2092 542 2137 gravitate
568 2092 757 2127 differunt:
794 2093 882 2126 haec
910 2093 1006 2126 enim
1031 2093 1178 2134 gravior
1204 2091 1357 2126 videtur.
1397 2091 1450 2125 Cf.
1479 2090 1583 2126 Publ.
1617 2089 1651 2124 D
1678 2090 1698 2124 2
1724 2090 1836 2134 (124).

281 2139 407 2182 Quint.
437 2138 504 2173 VI.
532 2140 562 2179 3,
592 2140 647 2173 33.
683 2151 766 2173 nam
793 2140 966 2174 adversus
993 2140 1155 2179 miseros
1191 2140 1284 2173 sicut
1311 2151 1418 2183 snpra
1445 2138 1602 2172 diximus
1628 2138 1706 2182 (31)
1731 2136 1835 2170 inhu-

280 2198 409 2220 manus
438 2190 492 2220 est
517 2187 626 2221 iocus.

376 2234 407 2268 5.
435 2233 525 2267 Post
551 2234 844 2268 interiectionem
871 2246 923 2275 ea,
960 2246 1050 2277 quae
1077 2235 1223 2275 inserui,
1256 2233 1367 2268 verba
1394 2233 1625 2266 intercidisse
1652 2232 1833 2275 suspicor:

281 2292 372 2324 quae
399 2292 480 2314 cum
506 2281 788 2321 intercidissent,
829 2282 903 2315 sive
939 2281 1027 2316 haec
1062 2293 1152 2325 quae
1180 2282 1255 2315 dixi
1282 2281 1393 2315 verba
1420 2291 1551 2324 quam
1578 2283 1649 2313 est
1673 2278 1832 2319 animi,

282 2329 357 2362 sive
385 2328 519 2361 similia
545 2328 748 2362 litterarum
775 2329 1004 2369 lineamenta,
1032 2330 1177 2372 quaein
1197 2340 1338 2372 aequo
1366 2330 1555 2371 apparent,
1583 2326 1698 2361 errori
1715 2326 1835 2360 locum

281 2375 473 2409 dederunt.
525 2375 614 2408 Tor
625 2380 823 2409 mentum
857 2388 938 2409 cum
964 2376 1177 2419 plerumque
1205 2376 1368 2419 corporis
1396 2375 1615 2419 supplicium
1642 2373 1834 2418 significet,

282 2423 311 2456 si
339 2423 449 2456 animi
476 2422 752 2467 intellegeretur
778 2423 910 2457 omisso
938 2435 969 2457 v.
998 2424 1137 2460 animi
1170 2435 1299 2467 parum
1334 2423 1493 2455 dilucide
1528 2422 1707 2465 scriptum
1741 2423 1835 2454 esset

281 2470 328 2504 cf.
354 2469 460 2504 Publ.
489 2469 518 2504 O
545 2470 566 2504 ὅ
595 2470 707 2514 (1443).
737 2469 965 2504 Sententiam
991 2470 1155 2514 Philippi
1182 2470 1348 2513 exemplo
1376 2481 1419 2503 ex
1446 2469 1537 2503 Iust.
1565 2467 1633 2502 IX.
1660 2468 1692 2510 4,
1720 2468 1752 2501 3.
1779 2478 1832 2500 re-

282 2518 398 2561 petito
439 2517 599 2550 illustrat
639 2516 828 2559 Gruterus
868 2529 936 2561 quo
979 2518 1059 2551 loco
1094 2518 1336 2551 Macedonum
1374 2517 1435 2550 ille
1473 2528 1539 2550 rex
1572 2514 1710 2559 proelio
1737 2514 1835 2558 apud

282 2565 532 2598 Chaeroneam
568 2565 760 2598 commisso
794 2565 843 2598 113
877 2563 974 2599 111191·
1006 2566 1155 2599 tacitam
1189 2565 1367 2598 laetitiam
1406 2568 1441 2597 et
1475 2563 1639 2597 dolorem
1673 2562 1833 2595 hostium

281 2612 545 2655 temperavisse
572 2615 758 2648 narratur.
787 2615 824 2645 ut
851 2623 966 2655 neque
992 2612 1089 2656 apud
1116 2624 1197 2646 suos
1225 2611 1425 2645 exsultasse
1450 2621 1567 2653 neque
1594 2609 1691 2652 apud
1717 2609 1833 2642 victos

281 2659 475 2692 insultasse
497 2659 694 2693 videretur.

376 2706 406 2740 7.
435 2705 595 2740 Offendit
625 2705 818 2740 deterioris
838 2707 1030 2740 latinitatis
1059 2706 1271 2740 adverbium
1297 2705 1633 2748 ignominiose,
1662 2704 1718 2737 cui
1745 2702 1833 2736 alla·
