1967 3090
742 143 799 148 —
862 118 944 160 1¹53
1007 141 1062 146 -—

128 237 303 272 bonitatis
331 247 407 271 esse
433 236 526 270 velle
552 235 629 269 fieri
656 235 790 268 bonum
818 234 878 267 ait.
930 232 1099 266 Ceterum
1132 231 1284 265 eandem
1316 231 1533 266 sententiam
1568 232 1678 274 poeta

128 286 207 320 aliis
232 284 322 318 locis
357 282 552 317 simillimis
579 282 699 316 verbis
726 284 937 326 persecutus
966 283 1031 313 est.
1084 279 1138 314 Cf.
1166 279 1270 313 Publ.
1307 278 1325 312 1
1351 278 1395 312 48
1442 278 1533 313 278».
1573 277 1605 311 N
1635 280 1676 312 16

130 332 246 377 (392).
285 331 407 365 Aliter
441 330 554 364 sentit
587 328 726 363 Demea
759 328 1001 362 Terentianus
1036 326 1097 360 ille
1130 326 1167 359 in
1194 325 1352 369 Adelph.
1382 324 1425 359 V.
1461 325 1492 365 4,
1521 327 1552 359 ti.
1581 325 1610 359 7.
1639 337 1678 359 re

128 381 208 424 ipsa
233 378 380 422 repperi
407 377 585 411 facilitate
611 376 702 410 nihil
729 387 806 410 esse
831 375 969 408 homini
988 373 1116 407 melius
1142 384 1257 415 neque
1276 373 1479 407 clementia.
1530 371 1603 405 Vix
1623 377 1679 406 est

129 426 225 471 quod
250 427 288 459 in
314 425 530 459 facilitas
557 429 593 458 et
612 423 731 457 facit
757 423 1089 456 annominationem
1109 420 1206 455 cerni
1225 431 1401 454 moneam.
1429 432 1537 463 quam
1555 419 1677 453 Publi-

127 474 216 508 lium
232 474 267 507 in
287 473 428 506 deliciis
442 472 576 505 habere
592 482 700 514 supra
711 469 1001 504 commemoravi.
1030 467 1084 501 Cf.
1103 467 1208 502 Publ.
1224 467 1259 500 A
1277 467 1331 500 ⁴24.
1349 466 1537 500 Stultitiae
1555 478 1679 511 genus,

129 521 235 565 quale
268 522 379 564 poeta
414 518 593 563 significat
626 519 663 551 in
691 517 821 551 Glauci
856 516 1091 560 simplicitate
1118 514 1255 557 ingenii
1282 514 1486 548 luculenter
1513 514 1680 557 depinxit

129 567 313 602 Homerus
348 566 394 602 Il.
422 566 490 601 VI.
517 567 595 600 235.
629 565 708 600 236.
742 563 798 598 De
833 564 984 598 levitate
1019 563 1129 597 animi
1165 562 1382 596 sententiam
1417 562 1681 604 interpretatur

129 615 313 650 Erasmus.
352 613 505 656 ‚‚Facile,
522 613 647 658 inquit,
669 612 862 660 adducitur
879 611 925 645 ad
943 611 1043 651 vitia,
1071 611 1130 653 qui
1158 609 1274 644 facilis
1293 611 1347 641 est
1364 609 1494 648 animo,
1515 611 1555 641 ut
1569 607 1680 641 Micio

130 663 194 697 ille
219 661 471 701 Terentianus,
498 660 558 703 qui
577 659 622 693 ob
641 659 856 693 facilitatem
876 658 1130 701 sexagenarius
1149 668 1263 690 novus
1278 655 1392 689 factus
1420 658 1475 688 est
1493 655 1680 690 inaritus‚“

224 710 278 744 10.
316 707 374 742 Ex
398 708 508 741 variis
536 706 712 740 librorum
730 706 947 750 corruptelis
965 705 1055 738 haec
1073 715 1249 748 reponere
1267 706 1416 737 conatus
1443 714 1531 743 sum,
1559 706 1598 735 ut
1615 714 1681 746 pro

130 756 347 790 unanima
362 755 558 789 scriberem
571 757 621 787 ut
642 754 761 787 anim
773 765 802 793 a,
818 765 884 796 pro
902 763 1134 795 nunquam
1153 751 1349 785 scriberem
1368 761 1454 784 non
1480 761 1682 792 unquam.

133 803 235 848 Quae
258 803 404 847 negatio
422 802 546 845 paullo
564 801 645 845 plus
659 801 872 834 intentionis
887 800 1033 834 videtur
1049 799 1195 839 habere,
1223 809 1331 841 quam
1348 808 1591 840 nunquam:
1617 807 1683 830 nos

132 851 284 885 dicimus
311 849 436 890 „nicht
468 848 623 882 einmal‘⁴
650 848 696 882 cf.
723 847 835 891 Verg.
862 847 940 882 Ecl.
968 846 998 881 I.
1026 847 1081 882 36.
1107 858 1180 879 non
1215 856 1411 889 unquam
1444 844 1563 889 gravis
1599 855 1682 877 aere

132 898 280 933 domum
298 897 386 931 mihi
404 896 535 930 dextra
553 895 706 930 redibat.
728 894 809 930 Ter.
827 894 988 938 Adelph.
1007 893 1059 929 II.
1080 895 1109 933 1,
1130 893 1161 927 ἵ).
1177 903 1396 936 quamquam
1413 896 1469 925 est
1495 891 1679 930 scelestus,

131 956 222 979 non
244 944 450 978 committet
471 943 579 976 hodie
605 954 812 986 unquam,
836 942 967 975 iterum
988 944 1028 974 ut
1049 941 1208 985 vapulet.
1234 940 1291 974 Ex
1311 939 1381 972 hoc
1408 938 1580 972 adverbio
1599 950 1679 982 per—

131 1004 259 1037 peram
272 994 413 1025 mutato
425 1002 467 1025 ea
475 1002 615 1034 quoque
627 989 836 1033 corruptela
848 989 1015 1033 profecta
1029 992 1094 1029 est,
1110 992 1149 1022 ut
1163 987 1322 1022 numeris
1337 985 1590 1020 deficientibus
1605 997 1682 1019 suc-

132 1039 351 1074 currendum
368 1041 539 1082 putarent
563 1037 689 1071 addito
715 1036 888 1071 adverbio
915 1036 985 1070 loci
1012 1047 1073 1071 eo:
1102 1046 1172 1078 quo
1198 1040 1323 1068 tamen
1349 1033 1528 1067 Publilius
1554 1033 1682 1067 eadem

131 1087 273 1121 ratione
299 1086 427 1119 ductus
453 1085 515 1124 (cf.
542 1084 663 1119 Bentl.
690 1087 727 1118 et
752 1084 980 1127 Peerlkamp.
1008 1083 1054 1117 ad
1079 1082 1171 1118 Hor.
1199 1082 1320 1116 Carni.
1339 1080 1411 1116 III.
1435 1082 1486 1120 11,
1518 1080 1576 1125 18]
1613 1092 1681 1123 qua

131 1133 344 1178 pronomine
369 1134 406 1166 is
439 1132 616 1166 abstinuit
641 1132 695 1165 uti
726 1131 853 1176 noluit.
902 1130 956 1164 Cf.
982 1130 1087 1165 Publ.
1114 1129 1144 1163 F
1169 1130 1189 1165 9
1215 1129 1330 1174 (1742).
1367 1128 1442 1169 „Ut
1467 1129 1545 1161 vita
1571 1127 1680 1161 semel

132 1182 265 1215 amissa
289 1192 474 1224 nunquam
499 1179 705 1220 revertitur,
739 1179 790 1213 sic
814 1189 881 1212 nec
907 1178 1019 1212 fides“
1054 1177 1238 1212 Erasmus,
1259 1175 1314 1211 Cf.
1333 1175 1438 1209 Publ.
1465 1174 1494 1208 F
1522 1176 1539 1209 1
1567 1176 1679 1219 (1661.

132 1228 162 1262 F
190 1228 233 1262 14
260 1227 379 1272 (179).

230 1275 283 1309 17.
311 1273 532 1315 „Pecuniam
558 1285 631 1307 non
656 1273 790 1317 perdit,
818 1272 889 1306 nisi
915 1273 975 1316 qui
1000 1272 1137 1306 habuit.
1172 1272 1226 1305 At
1251 1270 1361 1305 fidem
1387 1270 1416 1304 is
1444 1269 1577 1303 dicitur
1602 1280 1682 1313 per—

134 1322 170 1356 di
193 1323 300 1363 disse,
327 1322 387 1365 qui
412 1333 486 1355 non
511 1321 648 1361 habuit,
675 1320 713 1355 id
739 1323 794 1354 est
818 1320 881 1363 qui
906 1319 1067 1364 perfidus
1093 1318 1185 1352 fuit⁴‘
1210 1317 1394 1353 Erasmus.
1417 1316 1469 1351 Cf.
1485 1316 1608 1361 Quint.
1635 1315 1680 1351 V.

139 1370 193 1411 10,
221 1370 275 1404 74.
304 1369 400 1412 quod
426 1369 504 1412 quis
531 1380 603 1402 non
628 1368 765 1407 habuit,
792 1378 865 1400 non
890 1366 1063 1411 perdidit.

236 1416 292 1452 18.
319 1415 493 1457 „Nullum
525 1416 661 1449 malum
688 1415 789 1449 venit
824 1414 901 1447 sine
927 1414 1072 1448 incursu
1099 1413 1249 1447 alterius
1275 1413 1386 1446 mali“
1414 1412 1600 1446 Erasmus.
1627 1410 1681 1446 Cf.

137 1463 258 1499 Plaut.
287 1463 387 1498 Trin.
415 1462 460 1497 V.
488 1463 519 1503 2,
547 1464 602 1498 61.
629 1462 775 1496 miseria
801 1474 870 1495 una
894 1462 955 1495 uni
981 1462 1127 1505 quidem
1152 1460 1326 1494 hominist
1350 1459 1499 1494 affatim.
1527 1479 1571 1483 -
1605 1457 1687 1491 Imo

134 1511 218 1544 huic
248 1514 424 1555 parumst.
464 1510 536 1545 Cic.
569 1521 635 1553 pro
663 1509 752 1545 Sull.
787 1509 842 1549 32,
870 1509 923 1543 91.
960 1512 1066 1551 urget
1092 1508 1220 1542 eadem
1246 1507 1402 1547 fortuna,
1430 1517 1522 1549 quae
1549 1505 1684 1548 coepit:

137 1559 276 1602 reperit
300 1569 433 1592 novum
465 1568 687 1591 moerorem:
729 1567 802 1590 non
828 1556 967 1599 patitur
991 1555 1175 1589 hominem
1201 1555 1453 1588 calamitosum
1478 1564 1549 1586 uno
1574 1552 1683 1586 modo

139 1605 320 1639 afflictum
345 1617 415 1639 uno
442 1604 480 1637 in
506 1604 608 1638 luctu
634 1604 763 1648 perire.
805 1602 889 1638 Sen.
918 1606 992 1637 nat.
1018 1606 1157 1646 quaest.
1185 1601 1253 1637 VI.
1282 1603 1312 1642 1,
1342 1602 1395 1636 13.
1423 1601 1551 1634 circuit
1570 1599 1686 1633 fatum

135 1655 172 1687 et
206 1653 235 1686 si
268 1652 355 1695 quid
381 1652 445 1686 diu
469 1651 672 1695 praeteriit,
699 1650 844 1694 repetit.
880 1648 1126 1685 Pseudo-Seu.
1161 1649 1207 1683 de
1233 1648 1368 1683 remed.
1396 1648 1481 1681 fort.
1508 1646 1615 1681 XVI.
1646 1646 1687 1680 10

137 1699 240 1741 (Seu.
267 1700 396 1744 fragm.
424 1699 479 1734 ed.
505 1698 566 1733 Fr.
585 1698 716 1732 Haasii
732 1698 804 1732 vol.
830 1696 903 1732 III.
923 1710 957 1741 p.
983 1697 1085 1741 45st
1112 1708 1221 1737 morS,
1241 1696 1418 1735 exsilium,
1437 1695 1565 1735 luctus,
1585 1693 1689 1727 dolor

139 1758 213 1781 non
248 1750 331 1780 sunt
357 1746 556 1790 supplicia,
585 1746 649 1780 sed
674 1745 812 1779 tributa
846 1744 1004 1780 vivendi.
1047 1744 1240 1778 Neminem
1274 1743 1441 1776 illaesum
1466 1741 1543 1775 fata
1568 1745 1686 1775 trans-

134 1795 296 1828 mittunt.
336 1793 421 1828 Sen.
456 1793 545 1827 Her.
581 1792 664 1828 Fur.
692 1792 770 1827 208.
797 1792 876 1828 209,
911 1792 993 1826 finis
1027 1791 1175 1826 alterius
1208 1791 1295 1824 mali
1321 1790 1456 1835 gradus
1489 1793 1544 1823 est
1576 1788 1686 1822 futuri

135 1842 220 1875 coll.
249 1840 295 1877 V.
323 1841 392 1876 324
419 1852 494 1883 sqq.
533 1840 647 1874 Herc.
679 1839 759 1874 Oct.
794 1840 873 1875 713.
908 1839 988 1874 714.
1021 1839 1131 1873 semel
1165 1838 1331 1882 profecto
1363 1847 1530 1881 premere
1565 1835 1688 1869 felices

137 1889 226 1923 deus
253 1900 335 1922 cum
361 1888 491 1932 coepit,
518 1890 636 1932 urget.
661 1887 728 1920 hos
753 1887 891 1920 habent
915 1897 1049 1931 magna
1075 1886 1203 1920 exitus.

235 1936 289 1971 19,
317 1935 479 1975 „Versus
505 1939 560 1969 est
585 1934 804 1968 trochaicus.
831 1933 967 1968 Potens
995 1945 1075 1967 cum
1101 1933 1280 1973 irascitur,
1313 1931 1493 1971 fulminat,
1521 1942 1594 1964 non
1620 1931 1688 1964 ira-

137 1983 275 2017 scitur“
305 1982 488 2017 Erasmus.
518 1981 594 2022 „Ut
619 1982 715 2016 enim
741 1980 880 2014 fulmen
906 1992 1012 2015 caeco
1039 1981 1140 2023 quasi
1158 1981 1307 2024 impetu,
1334 1989 1583 2022 quemcunque
1600 1977 1689 2017 mit,

141 2030 321 2065 concutit:
367 2030 417 2063 sic
454 2029 617 2073 potentis
650 2029 705 2062 ira
739 2028 776 2062 in
811 2039 935 2062 omnes
966 2031 1163 2072 grassatur.
1191 2027 1244 2061 Cf.
1271 2026 1398 2070 Eurip.
1425 2025 1522 2060 Med.
1551 2026 1606 2059 93.
1634 2025 1690 2060 94.

100 2105 102 2108 .
140 2075 221 2110 οὐδὲ
245 2078 403 2109 παύσετα
421 2075 539 2118 χόλου,
565 2075 643 2120 σάφ’
665 2073 754 2116 οἶδα,
773 2078 858 2119 πρὶν
886 2075 1111 2119 κατασκῆψαί
1136 2080 1252 2108 ‘cavas‘
1293 2073 1485 2108 Gruterus.
1526 2072 1580 2107 Cf.
1608 2071 1688 2106 Seu.

138 2127 212 2159 nat.
239 2127 376 2168 quaest.
402 2122 454 2157 IL
482 2124 536 2163 57,
565 2124 595 2158 3.
623 2123 750 2157 eodem
777 2125 898 2156 autem
924 2122 1034 2156 modo
1061 2121 1102 2155 fit
1128 2121 1261 2165 fulgur,
1290 2121 1387 2164 quod
1412 2124 1554 2155 tantum
1573 2119 1692 2163 splen—

138 2171 209 2212 det,
237 2174 274 2205 et
300 2171 448 2212 fulmen,
475 2170 572 2213 quod
597 2169 771 2204 incendit.
824 2168 897 2203 Sed
923 2169 979 2202 illi
1004 2169 1121 2204 levior
1138 2169 1192 2202 vis
1219 2168 1455 2211 alimentique
1481 2167 1599 2200 minus
1626 2169 1689 2206 est,

139 2221 176 2253 et
200 2222 241 2252 ut
266 2218 426 2252 breviter
452 2218 572 2251 dicam
597 2217 695 2261 quod
724 2217 850 2256 sentio,
878 2216 1015 2250 fulmen
1041 2219 1096 2250 est
1121 2215 1246 2261 fulgur
1270 2216 1462 2250 intentum.

233 2266 288 2301 20.
315 2264 418 2299 Inter
442 2267 654 2308 repetere
686 2267 724 2298 et
749 2264 964 2307 recipere
989 2275 1071 2296 cum
1096 2262 1165 2296 hoc
1190 2262 1344 2303 intersit,
1372 2262 1469 2305 quod
1494 2262 1532 2295 id
1557 2261 1693 2305 repeti-

138 2315 208 2353 tur,
224 2313 322 2356 quod
340 2324 422 2346 cum
436 2312 621 2346 ademtum
641 2311 688 2345 sit
701 2311 842 2345 nullum
857 2313 922 2351 est,
942 2311 1119 2354 recipitur
1132 2310 1179 2351 id,
1199 2310 1295 2353 quod
1315 2310 1498 2344 ademtum
1516 2309 1554 2342 in
1571 2308 1692 2342 medio

139 2360 298 2403 positum
323 2363 396 2394 est:
423 2359 507 2393 huic
540 2359 621 2393 loco
647 2370 758 2392 unum
784 2361 969 2402 repetas
996 2357 1177 2393 convenit.
1213 2357 1284 2398 „Et
1307 2357 1368 2390 hic
1393 2356 1600 2391 trochaicus
1627 2358 1690 2388 est.

140 2405 224 2441 Non
249 2407 337 2440 licet
370 2418 531 2440 rursus
563 2406 882 2445 iuvenescere,
917 2405 1070 2449 proinde
1106 2405 1184 2438 seni
1210 2404 1405 2438 tractanda
1431 2407 1515 2437 sunt
1542 2402 1693 2437 senilia‘⁴

140 2453 323 2488 Erasmus.
350 2453 495 2487 Erasmi
520 2453 877 2487 reiuvenescere
902 2463 975 2486 non
994 2455 1050 2486 est
1075 2451 1188 2485 latina
1205 2463 1276 2485 vox
1295 2451 1340 2486 cf.
1359 2450 1505 2485 Nolten.
1532 2450 1602 2484 lex.
1628 2449 1692 2484 lat.

140 2501 229 2545 ling.
240 2501 420 2536 antibarb.
438 2504 524 2535 tom.
542 2500 572 2536 I.
592 2512 626 2544 p.
647 2500 726 2536 717.
745 2512 777 2534 V.
797 2499 1080 2534 reiuvenescere.
1100 2498 1241 2533 Gesner
1257 2499 1349 2533 thes,
1368 2502 1454 2533 tom.
1473 2497 1542 2532 IV.
1562 2509 1596 2540 p.
1612 2497 1691 2531 133.

235 2548 290 2583 21.
316 2547 467 2591 Frigida
493 2548 639 2581 omnino
659 2547 875 2582 sententia.“
914 2545 1082 2580 Orellius.
1117 2545 1332 2587 „Sententia
1348 2545 1499 2579 nimium
1517 2548 1693 2587 quantum

140 2595 314 2638 languet“
346 2594 582 2630 Ribbeckius.
617 2594 708 2629 Esse
741 2594 778 2628 in
804 2593 965 2628 versibus
993 2593 1053 2637 qui
1078 2593 1246 2627 feruntur
1270 2592 1498 2631 Publilianis,
1527 2592 1587 2634 qui
1618 2601 1691 2623 non

145 2641 342 2676 admodum
380 2642 453 2676 sint
483 2642 695 2676 reconditae
728 2645 766 2675 et
799 2641 1000 2684 exquisitae
1034 2640 1244 2684 sapientiae,
1279 2640 1388 2673 salvis
1421 2639 1559 2673 scilicet
1586 2638 1691 2671 huius

143 2690 273 2732 poetae
291 2689 457 2723 laudibus
476 2689 676 2723 concedere
694 2689 790 2728 licet,
818 2687 1014 2722 dummodo
1033 2698 1168 2727 eorum,
1197 2688 1256 2730 qui
1274 2687 1539 2730 vituperantur,
1567 2688 1689 2718 aucto-

144 2736 234 2769 ritas
268 2736 354 2770 satis
381 2739 535 2772 constet.
584 2735 763 2770 Gruterus
789 2735 934 2778 quidem
960 2734 1007 2768 ad
1032 2733 1138 2769 Publ.
1165 2734 1200 2769 D
1225 2734 1269 2769 21
1297 2734 1415 2778 (143);
1454 2732 1606 2774 ‚,fateor,
1633 2731 1687 2764 in-
