1967 3090
757 156 1078 199 -267—

233 274 378 309 Similes
406 276 441 309 et
460 271 711 306 Romanorum
739 275 775 306 et
793 271 1018 306 Graecomm
1046 271 1244 305 sententias
1264 271 1445 313 concessit
1468 271 1699 313 Woefflinus,

141 322 224 358 Sen.
255 333 309 366 ep.
328 321 436 356 XIX.
463 321 482 353 5
509 319 669 364 (114121
697 319 767 353 hoc
795 318 891 362 quod
911 318 1034 352 audire
1053 318 1164 363 vulgo
1184 319 1287 352 soles.
1309 314 1404 362 quod
1423 318 1519 362 apud
1539 318 1702 353 Grraecos

139 370 177 404 in
203 369 438 413 proverbium
465 368 589 401 cessit:
627 367 711 400 talis
737 365 944 400 hominibus
979 365 1048 399 fuit
1074 365 1190 398 matio
1218 354 1334 408 qualis
1360 365 1444 399 vita.
1480 364 1547 400 IX.
1574 367 1594 399 4
1620 367 1666 409 (7.
1663 367 1702 405 5>

139 417 176 450 4:
212 416 333 456 Haec,
371 416 418 449 sit
448 413 629 458 propositi
662 413 778 447 nostri
821 423 975 446 summa:
1012 412 1108 456 quod
1144 413 1318 445 sentimus
1353 412 1557 455 loquamui
1602 409 1700 457 quod

138 464 323 507 loquimur
361 463 578 496 sentiamus:
620 460 819 495 concordet
853 470 970 493 sermo
1015 470 1096 492 cum
1132 459 1217 493 vita.
1251 458 1302 509 ΙΙ
1342 464 1362 491 >5
1397 460 1475 498 (²⁴³1
1504 463 1534 494 ².
1578 459 1700 496 Schol

139 509 319 554 Hermog.
339 509 385 545 V
403 511 432 543 5.·
428 510 480 544 34.
497 508 613 543 IValz.
652 508 670 540 ὁ
707 508 897 551 Σωκράτις
930 506 1054 538 εἰώθει
1084 504 1132 550 λέ)
1136 519 1205 539 ’κειι
1235 505 1307 540 οἷος
1332 505 1350 539 ὁ
1377 510 1466 547 βίος
1493 508 1653 542 τοιοῦτος
1679 507 1697 540 ὁ

140 555 224 600 2070
205 570 253 592 o'.
290 552 368 591 Cic.
396 556 500 590 Tusc.
530 554 575 589 V.
616 556 665 593 16
703 555 758 588 47.
811 535 934 588 Solon.
970 564 1025 596 ap.
1053 551 1160 596 Diog.
1194 552 1316 586 Laert.
1352 552 1381 588 I.
1419 555 1473 588 08,
1509 553 1563 589 Cf.
1598 554 1699 590 Sent

141 604 233 638 falso
260 604 357 638 inter
381 602 487 637 PulJl.
514 605 650 646 1ecept.
681 602 754 636 144.
790 600 1019 636 Ri.v.1{›6:
1057 599 1185 633 Sermo
1221 600 1331 632 animi
1359 600 1533 640 imaaost:
1569 603 1608 635 ut
1634 602 1699 641 vir,

139 651 190 685 sic
222 652 352 685 oratio.

236 699 290 732 74.
317 697 454 739 Manna
479 708 537 731 ies
563 699 617 731 est
642 695 742 729 vocis
769 698 805 728 et
831 694 964 728 silentii
991 696 1330 737 temperamentum.

232 740 400 789 tempora
431 755 538 778 nosse
572 743 645 778 Ha.
685 742 741 778 Cf.
773 741 977 775 Woelfflin.
1014 740 1109 774 Phil.
1138 739 1248 775 V.III
1285 752 1318 784 p.
1358 741 1433 776 186
1477 740 1584 775 Prov.
1624 742 1700 776 lle.

140 791 298 826 Bothius
332 804 365 827 v.
399 791 486 826 11110
519 792 568 829 (v.
603 791 671 826 §30
706 788 852 823 Gruter.
891 788 949 823 Ri.
981 800 1013 822 v,
1055 788 1155 825 1181ε
1190 786 1344 831 Semper
1378 788 1476 822 vocis
1511 792 1545 822 et
1581 788 1704 823 silenti

138 842 471 883 temperamentum
495 841 590 872 tene.

236 886 291 921 75.
319 885 391 930 Qui
419 896 532 928 aequo
560 884 681 918 animo
707 884 814 917 malis
840 882 1076 921 immiscetur,
1105 884 1159 916 est
1184 882 1310 916 malus

235 933 352 967 malus
380 936 435 966 est
460 931 532 966 Ha.
560 931 660 966 Sent.
687 931 779 965 falso
807 930 903 963 inter
928 929 1033 964 Publ.
1059 932 1196 973 recept.
1224 929 1301 964 185.
1336 928 1394 964 Ri.
1422 941 1454 964 V.
1486 930 1567 964 154:
1597 928 1704 963 Malis

138 990 252 1023 aequo
291 980 412 1014 animo
452 979 512 1022 qui
551 978 723 1019 interest,
763 978 841 1021 ipse
880 980 937 1010 est
974 977 1103 1011 malus.
1155 975 1210 1009 Cf
1245 975 1339 1010 Xen
1374 975 1481 1012 Mem.
1516 976 1546 1012 I.
1580 978 1610 1017 2,
1648 977 1704 1011 20.

137 1025 282 1059 &affl-(51¹
310 1040 372 1059 [ιζ-Ι)
398 1039 466 1081 ‘ysso
491 1039 541 1058 (Ul
580 1024 693 1058 ὲϋιᾳβὰ
721 1023 892 1064 δίδαξεαι·
927 1036 970 1066 ll!
996 1022 1033 1056 ὸὲ
1060 1031 1195 1055 κακοῖθι
1223 1025 1437 1067 -llllllllllz‘,
1469 1022 1611 1058 (1:70).ng
1645 1027 1704 1055 καὶ

137 1086 204 1107 TOV
229 1087 337 1107 eob'Ta
364 1087 464 1107 1'00t'.

234 1120 288 1156 76.
315 1120 507 1155 Neminem
533 1120 606 1154 cito
629 1119 851 1159 laudaveris,
878 1118 1059 1152 neminem
1081 1118 1154 1151 cito
1174 1118 1418 1152 accusaveris:
1448 1128 1590 1162 semper
1615 1121 1705 1162 puta

137 1170 175 1202 te
201 1179 325 1202 coram
351 1167 420 1201 diis
447 1167 700 1201 testimonium
729 1166 861 1200 dicere.

233 1215 438 1249 laudaveris
474 1214 578 1260 [cito]
607 1213 678 1249 Ha.
713 1212 821 1249 Prov.
854 1213 905 1248 15.
941 1212 1000 1248 Ri.
1030 1224 1064 1247 v,
1095 1213 1156 1246 15:
1192 1211 1384 1246 Neminem
1412 1212 1485 1246 cito
1521 1212 1705 1246 accusaris

138 1263 207 1296 nec
233 1262 306 1295 cito
333 1261 551 1295 laudaveris.

236 1309 290 1344 77.
317 1308 461 1342 Vitium
487 1312 541 1342 est
567 1308 689 1341 onmia
715 1307 873 1345 credere.
901 1307 1033 1340 vitium
1060 1309 1115 1340 est
1141 1305 1234 1339 nihil
1260 1305 1419 1341 credere.

234 1355 364 1389 vitium
390 1355 480 1389 nihil
508 1355 655 1390 credere
672 1354 745 1388 Ha.
784 1354 840 1389 Cf.
861 1353 945 1389 Sen.
972 1364 1027 1397 ep.
1055 1353 1085 1388 I.
1113 1354 1143 1394 3,
1171 1353 1203 1387 4.
1236 1356 1434 1396 utrumque
1461 1354 1556 1387 enim
1576 1353 1704 1387 vitium

141 1405 200 1436 est
226 1406 263 1437 et
288 1402 456 1436 omnibus
483 1402 631 1436 credere
657 1405 694 1436 et
718 1401 823 1437 nulli.

237 1450 291 1485 78.
318 1449 506 1483 Utendum
533 1453 589 1483 est
614 1448 765 1489 divitiis,
792 1459 863 1482 non
891 1447 1123 1482 abutendum.

234 1496 293 1532 Ri.
319 1508 352 1532 v,
383 1496 464 1531 158:
493 1496 607 1531 Utere
634 1496 771 1530 divitiis
797 1495 949 1531 modice.
978 1506 1051 1528 non
1078 1494 1238 1529 abutere.

236 1544 314 1579 78a.
341 1543 402 1578 Sic
427 1544 518 1578 vive.
545 1547 586 1577 ut
603 1554 672 1577 nec
699 1554 719 1576 a
745 1542 993 1586 superioribus
1027 1541 1271 1575 contemnaris
1298 1552 1364 1575 nec
1392 1540 1437 1574 ab
1463 1540 1701 1575 inferioribus

139 1590 317 1626 timearis

236 1637 316 1672 Om.
350 1637 421 1671 Ha.
462 1637 517 1671 Cf.
544 1638 684 1670 Auson.
721 1636 822 1681 Sept.
858 1636 941 1680 Sap.
978 1635 1076 1670 Sent.
1106 1635 1174 1671 VI.
1209 1637 1234 1669 1.
1274 1635 1330 1670 Ri.
1365 1648 1396 1670 v.
1436 1636 1518 1670 155:
1558 1634 1636 1669 Nec
1668 1636 1706 1669 te

141 1685 327 1719 contemni
352 1686 420 1718 nec
446 1684 568 1718 timeri
595 1684 652 1718 fac
679 1684 787 1717 sinas.

237 1732 292 1767 79.
320 1731 471 1765 Nullum
497 1731 684 1775 putaveris
711 1730 833 1764 locum
859 1730 935 1765 sine
961 1734 1065 1765 teste.

235 1778 344 1813 Prov.
378 1780 432 1813 16.
482 1778 538 1813 Ri.
578 1790 610 1813 V.
649 1778 708 1812 16:
745 1778 909 1812 Nullumi
934 1781 1060 1822 putars
1101 1778 1196 1811 teste
1230 1777 1380 1811 destitui
1417 1777 1550 1812 locum.
1603 1776 1703 1811 Sent.

142 1824 236 1860 falso
262 1826 358 1860 inter
383 1825 488 1860 Publ.
516 1828 651 1869 recept.
679 1824 758 1859 348.

237 1873 293 1908 80.
319 1872 605 1906 Excusationem
631 1872 730 1906 vitiis
757 1872 829 1906 suis
856 1882 1031 1916 quaerere
1058 1874 1111 1904 est
1137 1872 1260 1905 omnia
1286 1871 1355 1905 deo
1382 1870 1562 1915 delegare.

235 1919 521 1954 Excusationem
547 1930 725 1963 quaerere
749 1919 890 1952 vitium.
928 1918 1026 1964 [*sed
1060 1919 1182 1952 omnia
1208 1918 1378 1962 delinque
1412 1917 1457 1951 ad
1483 1917 1705 1962 dominum-²]

141 1965 213 2001 Ha.
241 1966 296 2002 Cf.
323 1966 526 2001 Woelfflin.
553 1966 654 2001 Phil.
673 1965 784 2000 VIII.
810 1977 845 2009 p.
875 1965 952 2000 186.
993 1964 1093 2000 Sent.
1120 1964 1214 1999 falso
1232 1965 1328 1999 inter
1345 1964 1451 1998 Publ.
1470 1968 1605 2008 recept.
1624 1965 1703 2000 132.

141 2013 199 2048 Ri.
227 2025 260 2049 V.
290 2014 374 2048 157:
403 2013 545 2048 Vitium
571 2015 749 2047 excusare
774 2013 973 2046 humanum
1000 2012 1166 2046 incusare
1191 2014 1245 2046 est
1271 2012 1389 2046 deum.

236 2061 315 2096 80a.
334 2059 470 2094 Datam
495 2060 607 2094 vitam
628 2061 915 2103 quotiescunque
933 2059 1169 2099 dubitaveris.
1197 2071 1242 2093 an
1270 2060 1315 2092 sit
1343 2058 1529 2103 eripienda
1545 2058 1590 2077 *ἴ*
1617 2069 1705 2102 quo—

142 2107 243 2141 niam
270 2107 356 2141 data
382 2108 475 2151 eripi
501 2110 632 2151 potest,
660 2111 787 2151 erepta
812 2107 917 2140 reddi
942 2117 1016 2140 non
1041 2110 1174 2150 potest.

236 2154 410 2188 Fortasse
437 2154 619 2188 sententia
646 2154 697 2188 sic
723 2153 916 2188 scribenda
941 2157 1011 2187 est:
1047 2153 1105 2187 Da
1129 2154 1254 2193 vitam,
1283 2153 1570 2196 quotiescunque
1597 2152 1700 2186 dubi—

141 2201 289 2242 taveris.
325 2213 371 2235 an
406 2201 453 2235 sit
486 2201 684 2245 eripienda,
719 2201 891 2245 quoniam
925 2200 1010 2234 data
1043 2200 1135 2244 eripi
1166 2204 1297 2244 potest⁷
1332 2203 1457 2243 erepta
1488 2199 1595 2233 reddi
1630 2211 1704 2233 non

129 2251 275 2294 potest.
313 2247 447 2282 Omisit
471 2247 542 2284 Ha.
577 2248 635 2283 Ri.
662 2260 694 2282 v.
725 2249 806 2283 191:
840 2247 945 2291 Eripi
978 2247 1064 2281 data
1097 2249 1175 2281 vita
1207 2247 1306 2291 potis
1345 2251 1410 2286 est,
1444 2246 1551 2280 reddi
1577 2250 1704 2290 erepta

141 2295 215 2329 nen
241 2295 350 2339 potis.

237 2342 293 2376 81.
320 2341 468 2376 Fortior
494 2345 549 2376 est
574 2342 635 2386 qui
662 2329 900 2385 cupiditatem
927 2341 1053 2382 vincit
1080 2353 1190 2395 quam
1215 2341 1277 2385 qui
1302 2341 1446 2374 hostem
1473 2340 1617 2376 subicit.

238 2388 360 2423 Affert
385 2387 627 2424 Woelfflinus
653 2388 758 2422 Lact.
786 2387 876 2422 Inst.
902 2387 931 2424 Ι
959 2389 997 2424 9:
1025 2388 1108 2422 Non
1134 2388 1230 2422 enim
1248 2387 1380 2422 fortior
1399 2385 1612 2422 iudicandus
1639 2391 1705 2428 est,

143 2436 204 2479 qui
243 2436 403 2478 leonem,
444 2447 553 2480 quam
588 2436 649 2480 qui
680 2435 896 2476 violentam,
939 2436 977 2469 in
1012 2447 1049 2470 se
1083 2436 1163 2480 ipso
1197 2435 1375 2469 inclusam
1410 2434 1525 2469 feram
1558 2438 1707 2478 superat

142 2483 389 2517 iracundiam:
419 2483 498 2528 [aut
534 2483 595 2527 qui
621 2482 877 2526 rapacissimas
911 2483 1078 2517 volucres
1104 2483 1226 2523 deicit
1262 2493 1370 2526 quam
1397 2482 1457 2526 qui
1476 2481 1704 2538 cupiditates

144 2529 374 2564 avidissimas
403 2533 544 2564 coercet
570 2530 678 2575 etqs]
718 2529 824 2564 Prov.
854 2528 978 2563 Salom
1007 2530 1059 2567 16
1089 2531 1144 2565 3‘2.
1186 2528 1204 2563 ὁ
1233 2530 1377 2561 κοατιῦι
1402 2529 1509 2573 ὀορῆς
1536 2531 1706 2560 nogiomo.)

147 2577 215 2609 τοῦ
250 2575 619 2620 καταλαμβαιοιιέιου
653 2575 768 2611 πόλιν.
807 2575 1006 2611 Prov.-49.
1044 2577 1102 2612 Ri.
1136 2589 1169 2612 V.
1203 2575 1447 2611 491F01't101‘
1473 2587 1534 2619 qul
1567 2574 1705 2618 cupidi—

141 2626 237 2658 tates
265 2624 320 2657 est
346 2635 454 2667 quam
480 2624 541 2668 qui
566 2624 690 2657 hostes
718 2623 863 2659 subicit.

241 2670 295 2705 S‘).
322 2669 391 2704 Est
416 2670 660 2704 difficilimum
687 2681 724 2704 se
750 2671 870 2714 ipsum
894 2670 1053 2705 vincere.

242 2716 300 2752 Ri.
327 2729 360 2752 v.
392 2718 474 2753 19²·
503 2717 550 2752 Se
575 2720 719 2751 vincere
746 2718 865 2761 ipsum
892 2716 1000 2762 longe
1026 2720 1083 2751 est
1107 2717 1378 2751 difficillimum.

243 2763 299 2799 83.
325 2763 455 2808 Inique
481 2765 662 2804 irascitur.
691 2765 751 2807 qui
778 2764 851 2798 suis
877 2764 1050 2798 irascitur
1076 2764 1154 2798 sine
1182 2764 1318 2798 dolore.
