1967 3090
854 123 1225 167 —Qsss—¹

324 236 410 271 Sine
438 237 564 271 dolore
591 249 661 271 om.
690 237 760 273 Ha.
788 238 847 273 Ri.
876 250 909 272 v.
933 240 1013 273 193:
1042 238 1183 273 Inicust
1202 240 1273 273 suis
1292 241 1352 283 qui
1373 242 1450 274 sine
1469 240 1596 275 dolore
1611 242 1789 277 irascitur.

323 284 379 318 sl.
408 284 543 318 Amare
571 284 621 318 sic
648 285 779 329 incipe,
806 288 981 329 tanquam
1009 298 1080 320 non
1107 287 1214 320 liceat
1239 287 1307 321 tibi
1326 288 1503 322 desinere.

323 331 391 364 tibi
419 343 489 365 om.
516 330 587 366 Ha.
615 331 674 367 Ri.
702 343 735 367 v,
766 333 847 367 194:
876 334 1012 367 Amare
1040 334 1193 377 incipias
1221 336 1271 368 sic
1298 335 1400 378 quasi
1426 347 1608 378 nunquam
1636 336 1789 371 desinas.

323 378 378 412 δι’).
409 377 626 423 Magnarum
653 390 775 413 rerum
802 380 948 414 etiamsi
975 392 1160 414 successus
1198 392 1271 415 non
1306 381 1473 423 adfuerit,
1518 382 1692 417 honestus
1736 387 1792 418 est

230 424 306 468 ipse
333 429 496 460 conatus.

324 484 395 505 non
424 473 533 506 fuerit
561 472 633 508 Ha.
661 473 716 509 Cf.
744 473 809 509 ΟΥ.
836 474 923 510 Met.
950 474 1002 509 II.
1031 475 1110 509 32⁸.

324 519 379 554 Sb'.
407 519 591 553 Nobilitas
619 521 730 554 animi
757 522 983 566 generositas
1013 534 1149 556 sensus.

323 570 377 600 est
403 580 438 611 g.
467 579 492 603 s.
522 566 592 601 Ha.

323 614 378 649 δῖ.
408 613 590 648 Nobilitas
618 615 775 649 hominis
802 627 1000 660 generosus
1028 617 1178 651 animus.

321 660 365 695 N.
393 662 556 706 corporis
582 674 616 707 g.
654 674 685 697 a.
718 663 790 697 Ha.
830 663 887 699 Ri.
927 676 959 698 v,
1001 665 1088 699 19:32
1130 664 1312 698 Nobilitas
1341 677 1426 699 vera
1453 668 1507 699 est
1534 666 1659 710 ingeni
1684 677 1790 711 gene-

223 707 368 742 rositas.

320 758 377 790 δὸ.
420 756 624 790 Honestior
650 760 715 797 est,
759 757 819 800 qui
855 761 1078 792 senectutem
1107 759 1152 792 ad
1179 759 1293 793 otium
1321 760 1457 801 retulit,
1502 771 1609 804 quam
1651 761 1712 804 qui
1753 761 1790 795 in

229 806 452 838 senectutem
480 804 579 838 venit
608 807 642 838 et
670 807 755 838 tunc
783 805 934 849 incipiat
960 805 1138 841 laborare.

320 862 427 893 quein
455 854 622 885 senectus
650 852 696 886 ad
722 864 753 887 o.
781 864 807 885 r.
837 864 870 896 q.
898 864 1006 896 quem
1048 853 1085 886 in
1120 853 1196 886 otio
1225 854 1374 888 invenit.
1403 856 1420 874 *
1447 857 1482 889 et
1508 857 1533 890 t.
1561 855 1583 888 i.
1611 855 1788 892 laborare.

225 896 297 932 Ha.
324 897 382 931 Ri.
411 910 442 933 v.
475 899 556 934 196:
584 899 709 932 Otium
735 899 773 932 in
800 901 945 934 senecta
972 900 1213 941 honestumst.
1241 902 1314 935 nen
1340 901 1473 935 laboris
1502 902 1657 937 initium.

319 945 375 979 89.
402 944 523 989 Turpe
550 946 795 990 spectaculum
822 947 973 991 praebet
999 958 1108 991 aeger
1134 948 1287 983 animus,

321 993 461 1026 animus
489 1004 599 1037 aeger
625 993 697 1027 Ha.
724 993 831 1029 PrOV.
863 996 939 1029 122.
966 994 1024 1030 Ri.
1053 1007 1084 1028 v.
1106 995 1189 1029 1⁴22:
1218 994 1339 1039 Turpe
1359 996 1499 1030 animus
1525 1008 1632 1042 aeger
1649 996 1790 1031 homini

222 1038 287 1072 dat
315 1040 574 1083 spectaculum.
626 1040 785 1074 Versum
813 1042 1035 1075 sustulerunt
1062 1041 1216 1075 Bothius
1256 1045 1291 1076 et
1326 1043 1474 1083 Zellius.
1512 1047 1729 1088 receperunt
1755 1048 1791 1078 et

228 1085 408 1120 Grruterus
436 1099 517 1120 cum
544 1088 595 1121 ita
622 1087 767 1122 scribit:
795 1088 950 1122 Animus
997 1099 1105 1132 aeger
1147 1089 1314 1122 turbae
1353 1090 1502 1133 praebet
1530 1091 1788 1135 spectaculum,

223 1136 259 1166 et
289 1132 546 1178 Swedbergius
574 1134 678 1170 Publ.
705 1147 737 1170 V.
765 1136 821 1171 43.
861 1138 895 1169 et
936 1134 1114 1169 Nisardus
1153 1136 1215 1169 ille
1258 1136 1402 1180 quidem
1431 1137 1482 1171 sic
1508 1137 1787 1182 interpretatus:

221 1192 300 1220 „un
327 1182 438 1224 esprit
467 1182 609 1216 malade
636 1194 673 1216 se
701 1182 821 1217 donne
848 1193 892 1216 en
918 1182 1100 1226 spectacle
1138 1185 1158 1216 a
1202 1183 1238 1216 la
1280 1184 1509 1218 multitude&
1553 1184 1626 1219 Sed
1651 1188 1691 1219 ut
1716 1197 1789 1219 non

221 1228 318 1261 tanti
345 1232 399 1262 est
426 1229 554 1263 turbae
588 1229 609 1264 i.
646 1241 675 1263 e.
709 1229 919 1264 inconditae
947 1234 982 1263 et.
1008 1230 1146 1264 effusae
1174 1230 1363 1264 hominum
1389 1231 1616 1266 multitudini
1645 1235 1787 1276 specta-

221 1275 344 1308 culum
378 1276 565 1319 praebere,
610 1276 660 1310 ita
703 1276 819 1310 multo
851 1277 997 1322 gravius
1032 1281 1086 1311 est
1114 1278 1279 1311 omnibus
1307 1279 1598 1322 inspectantibus
1626 1280 1789 1314 animum

219 1322 373 1356 tristitia
400 1327 477 1356 tam
503 1322 683 1357 afflictum
709 1324 1016 1368 profligatumque
1042 1336 1129 1368 prae
1157 1336 1194 1359 se
1220 1325 1328 1366 ferre,
1356 1330 1393 1360 ut
1428 1329 1559 1370 turpe
1593 1326 1658 1360 fias
1687 1338 1788 1371 spec-

221 1369 395 1404 taculum.
447 1370 695 1414 Quamobrem
723 1382 806 1405 cum
834 1372 1015 1406 sententia
1050 1372 1188 1412 suadet,
1228 1376 1267 1406 ut
1293 1376 1428 1417 turpe
1472 1373 1663 1415 scribatur,
1710 1378 1788 1408 tum

222 1416 335 1450 etiam
354 1417 455 1455 illud,
484 1418 581 1461 quod
604 1430 627 1462 p
647 1422 680 1452 et
700 1418 722 1452 b
741 1418 840 1453 haud
866 1430 950 1452 raro
977 1419 1262 1454 confunduntur.
1290 1420 1370 1464 Quo
1389 1421 1425 1453 in
1443 1431 1577 1464 genere
1593 1433 1787 1456 numeran-

220 1463 288 1497 dus
316 1467 370 1498 est
398 1464 501 1499 Ovid.
528 1464 614 1499 Met.
644 1464 712 1501 VI.
742 1466 938 1501 199--201,
966 1466 1028 1510 qui
1054 1478 1179 1501 versus
1207 1467 1378 1501 videntur
1404 1468 1453 1502 sic
1481 1468 1682 1504 scribendi:

416 1510 499 1546 Non
525 1515 646 1546 tamen
674 1513 721 1547 ad
746 1525 938 1548 numerum
964 1513 1114 1557 redigar
1140 1515 1298 1558 spoliata
1325 1514 1479 1549 duorum

414 1558 581 1594 Latonae
598 1563 764 1603 turpem,
793 1572 866 1603 quo
895 1564 1080 1603 quantum
1108 1561 1221 1595 distat
1249 1562 1294 1596 ab
1322 1561 1434 1596 orba?

414 1606 472 1640 Ite
501 1607 611 1641 sacris
638 1618 794 1652 propere
821 1619 841 1641 a
868 1608 1008 1642 tetricis
1029 1635 1214 1643 ......
1754 1630 1757 1633 >

221 1652 284 1687 Sic
311 1654 406 1687 enim
436 1653 519 1698 Ulp.
546 1653 631 1698 Dig.
658 1655 714 1695 47.
741 1655 773 1696 8,
800 1655 840 1690 4:
884 1654 1043 1689 Turbam
1081 1667 1125 1690 ex
1163 1667 1234 1699 quo
1274 1667 1425 1690 numero
1463 1656 1712 1691 admittimus?
1746 1656 1786 1692 Si

219 1700 293 1734 duo
320 1700 436 1734 rixam
463 1702 725 1742 commiserint,
761 1702 885 1746 utique
912 1714 985 1736 non
1011 1703 1230 1746 accipiemus
1258 1704 1294 1737 in
1320 1703 1427 1737 turba
1454 1704 1491 1738 id
1518 1704 1666 1744 factum,
1703 1704 1786 1748 quia

219 1747 293 1781 duo
320 1748 427 1782 turba
454 1760 527 1782 non
553 1749 701 1792 proprie
728 1749 911 1785 dicuntur.
964 1749 1038 1784 Nec
1065 1762 1150 1784 vero
1177 1751 1325 1794 proprie
1369 1762 1434 1785 nec
1477 1763 1542 1796 per
1579 1751 1785 1786 irrisionem

222 1794 362 1838 Apollo
389 1798 422 1829 et
450 1795 568 1829 Diana
595 1795 758 1830 Latonae
786 1797 893 1831 liberi
919 1797 1055 1840 gemini
1082 1797 1189 1831 turba
1215 1797 1287 1831 dici
1314 1802 1522 1842 potuerunt.

316 1843 371 1877 230.
399 1842 594 1886 Nunquam
619 1843 734 1877 tristis
760 1844 873 1878 facies
900 1844 947 1877 sit
974 1843 1041 1878 tibi
1066 1845 1102 1878 in
1131 1845 1321 1879 commodo
1348 1845 1509 1881 alterius

315 1889 374 1924 Ri.
403 1902 434 1924 V.
470 1890 550 1925 196:
580 1889 711 1934 Turpis
738 1891 890 1925 tristitia
917 1892 954 1925 in
980 1892 1130 1926 alterius
1158 1892 1396 1926 commodost.

318 1937 374 1972 91.
402 1936 525 1971 Homo
554 1949 650 1972 suni:
678 1938 860 1981 quomodo
887 1939 1060 1973 devitabo
1088 1938 1327 1973 secundarum
1353 1951 1475 1974 rerum
1501 1939 1702 1974 invidiam?

317 1982 371 2017 Cf.
400 1983 505 2020 Caec.
534 1985 639 2020 Balb.
666 1997 701 2029 p.
729 1986 785 2020 22.
812 1985 911 2020 Mon.
939 1985 986 2021 X.
1013 1987 1048 2021 4.
1076 1986 1193 2031 (Sent.
1221 1987 1293 2029 93).

319 2030 374 2065 92.
403 2031 442 2065 Si
469 2032 685 2066 felicitatem
711 2033 917 2074 iactaveris,
945 2034 1069 2068 multis
1097 2033 1197 2068 dives
1226 2034 1306 2068 eris.

314 2089 395 2112 cum
422 2079 546 2112 multis
573 2078 644 2115 Ha.

316 2125 371 2159 93.
401 2124 593 2169 Quomodo
620 2127 757 2170 optime
784 2128 986 2171 potentiam
1011 2128 1165 2162 tuebor?
1190 2130 1215 2172 -ξ-
1243 2129 1457 2172 impotentia
1483 2129 1694 2164 occasionis.

316 2172 428 2206 Nulla
455 2173 605 2208 lacunae
633 2178 720 2207 nota
747 2175 844 2218 apud
870 2174 941 2209 Ha.
970 2175 1170 2219 Proposuit
1196 2174 1278 2209 Wo.
1306 2180 1343 2209 ut
1370 2176 1591 2220 potentia
1617 2187 1683 2219 pro
1710 2176 1783 2209 im-

219 2220 437 2262 potentia
465 2220 658 2255 scribatur.
710 2221 954 2265 Impotens
990 2223 1133 2257 occasio
1160 2226 1214 2256 est
1240 2234 1306 2257 nec
1333 2223 1441 2257 modo
1469 2234 1534 2257 nec
1560 2223 1702 2257 ratione
1729 2223 1784 2256 sui

218 2269 440 2311 temperans
484 2268 547 2301 sed
591 2280 677 2302 casu
712 2280 869 2312 regnans
913 2282 983 2313 qua
1019 2270 1050 2304 si
1083 2270 1286 2313 prudenter
1318 2281 1400 2303 usus
1428 2270 1551 2308 fueris,
1578 2269 1784 2314 potentiam

219 2313 392 2350 tueberis,
429 2313 520 2348 Hor.
552 2315 669 2349 Carni.
697 2315 770 2351 III.
798 2317 853 2357 29,
881 2317 939 2352 49.
967 2318 1021 2351 50.
1051 2317 1104 2352 Cf.
1133 2317 1237 2352 Caec.
1257 2316 1359 2350 Balb.
1388 2329 1421 2361 p.
1442 2318 1497 2353 ⁴29.
1516 2316 1615 2353 Mon.
1636 2316 1780 2351 XXIX.

216 2361 250 2396 2.
278 2373 312 2405 p.
352 2362 407 2397 38.
451 2361 533 2396 Par.
585 2364 616 2397 6.
658 2362 777 2407 «ssent.
819 2365 912 2408 166).
951 2363 1033 2398 Sen.
1074 2364 1120 2398 ad
1162 2363 1290 2407 Polyb.
1327 2364 1371 2397 de
1414 2364 1550 2398 consol.
1594 2363 1702 2399 XVI.
1742 2364 1779 2398 2:

217 2406 382 2443 Fortuna
408 2408 600 2453 impotem,
628 2410 751 2453 quales
780 2422 822 2444 ex
849 2411 1014 2445 humanis
1042 2411 1146 2445 malis
1173 2411 1241 2445 tibi
1267 2411 1345 2455 ipsa
1373 2412 1477 2445 ludos
1505 2411 1614 2445 facis!
1643 2432 1686 2437 -

316 2457 371 2490 94.
399 2455 542 2490 Locum
568 2461 670 2491 tenet
698 2457 930 2492 innocentiae
956 2459 1164 2502 proximum
1185 2458 1388 2500 confessio:
1428 2458 1490 2492 ubi
1516 2458 1705 2500 confessio,
1731 2457 1782 2492 ibi

216 2503 392 2536 remissio.

318 2549 427 2584 Prov.
456 2551 510 2585 52².
538 2549 597 2585 Ri.
624 2563 657 2585 v.
685 2551 748 2586 52:
777 2551 849 2595 Qui
874 2551 1078 2593 confitetur,
1106 2552 1292 2586 innocenti
1319 2552 1532 2596 proximust.

314 2597 369 2632 95.
398 2598 453 2632 96.
481 2596 664 2631 Severitas
691 2598 728 2631 in
746 2599 836 2631 vitio
856 2603 919 2639 est.
947 2599 1029 2642 quia
1049 2600 1233 2643 proximus
1252 2599 1455 2633 iniustitiae
1474 2599 1573 2633 locus
1592 2598 1778 2634 severitas,

313 2644 344 2689 ξ.
365 2645 420 2680 9ὒ.
449 2643 634 2679 Severitas
663 2645 700 2678 in
726 2645 814 2679 vitio
842 2649 895 2680 est
922 2645 993 2681 Ha.

314 2694 345 2736 ξ.
368 2692 423 2726 97.
451 2690 648 2725 Proximus
667 2692 828 2726 iustitiae
848 2694 982 2727 -modus
1010 2693 1184 2727 severitas
1211 2693 1281 2728 Ha.

315 2737 372 2773 Ri.
401 2751 431 2773 V.
464 2739 547 2773 ies:
576 2738 695 2772 Nimis
723 2750 868 2773 severus
895 2741 949 2774 est
975 2740 1110 2774 iniusto
1136 2741 1333 2784 preximus.
