1967 3090
825 154 1080 195 —5—

183 336 266 378 bat.
351 336 518 387 Quando
561 348 654 378 vero
697 335 865 376 Publilii
916 334 1070 375 litteris
1118 334 1336 376 mandatae
1379 334 1463 375 sint
1505 335 1730 376 sententiae

185 401 364 442 difficilis
396 404 516 454 atque
549 413 595 442 ea
627 400 809 453 quaestio
845 400 918 448 est,
953 411 1054 452 quae
1088 411 1135 439 ex
1167 411 1319 447 6616111,
1363 400 1429 452 qui
1463 399 1593 440 adhuc
1625 400 1731 440 eruti

184 468 357 515 exstant,
399 466 594 507 librorum
636 465 881 506 auctoritate
914 463 1016 505 solvi
1059 476 1138 504 non
1175 476 1293 516 posse
1326 463 1525 504 videatur.
1589 464 1730 517 Itaque

183 543 263 572 11611
314 533 375 572 631
425 530 527 583 quod
571 529 618 570 de
658 530 734 570 hac
774 529 863 582 ipsa
905 541 947 570 re
990 529 1098 569 inter
1140 529 1248 569 viros
1301 527 1558 569 doctissimos
1610 533 1730 582 atque

183 595 223 636 in
281 596 356 636 hoc
411 594 642 635 litterarum
698 606 846 646 genere
914 594 1090 634 maxime
1147 595 1330 634 versatos
1390 592 1631 646 eosdemque
1684 593 1731 634 de

184 659 359 701 Publilio
402 659 553 712 optime
595 659 764 700 meritos
796 658 1082 700 Woelfflinum
1124 660 1164 699 et
1199 657 1473 699 Ribbeckium
1515 671 1594 699 non
1637 671 1732 699 con-

182 724 319 766 venire
361 724 537 765 mireris.
610 723 685 764 Ille
727 724 837 764 enim
879 737 970 764 cum
1002 723 1171 764 Publilii
1213 723 1435 764 sententias
1478 723 1562 764 iam
1603 724 1732 776 primo

181 790 273 842 post
306 788 513 830 Christum
557 788 716 830 saeculo
755 789 804 829 ab
848 789 1012 830 homine
1055 801 1194 829 earum
1226 787 1419 836 studioso,
1464 788 1528 829 cui
1560 787 1731 829 fortasse

183 853 365 906 exempla
396 853 524 907 ipsius
555 855 698 906 poetae
730 853 780 894 ad
813 865 956 894 scenae
979 854 1242 906 actorumque
1274 865 1393 894 usum
1425 853 1650 906 composita
1683 852 1733 894 ad

181 930 324 959 manus
348 919 496 966 essent,
531 917 754 971 descriptas
777 919 819 958 et
841 918 1031 959 collectas
1065 920 1106 958 et
1136 918 1178 958 in
1210 917 1393 958 ordinem
1425 917 1611 958 redactas
1645 930 1733 958 esse

183 983 401 1031 existimet,
433 985 480 1023 ut
503 982 672 1031 Gellius,
707 983 774 1036 qui
797 982 925 1024 altero
949 982 1107 1024 saeculo
1131 984 1252 1031 63361,
1286 982 1328 1022 id
1361 994 1505 1035 corpus
1536 995 1732 1035 usurpare

181 1047 387 1102 possetfi)
427 1048 494 1089 hic
526 1047 704 1089 Gellium
743 1047 818 1088 tali
849 1047 1053 1089 volumine
1085 1061 1202 1088 usum
1237 1059 1322 1088 esse
1355 1046 1534 1100 1163619)
1598 1048 1732 1100 Atque

182 1113 242 1154 ita
275 1115 360 1153 est:
403 1125 532 1166 neque
565 1113 675 1154 enim
708 1112 843 1162 Gellii,
890 1126 981 1154 611111
1013 1112 1184 1154 Publilii
1217 1112 1440 1153 sententias
1478 1111 1577 1152 ferri
1610 1112 1730 1153 dicat.

180 1190 255 1218 nec
286 1177 485 1219 Macrobii
527 1178 656 1219 oratio
689 1178 790 1231 ipsa,
833 1190 953 1231 quem
986 1177 1164 1219 Gellium
1204 1177 1463 1229 exscripsisse
1506 1179 1547 1217 et
1587 1176 1734 1218 iisdem

184 1241 267 1283 fere
299 1245 419 1295 atque
440 1242 561 1283 illum
591 1243 726 1283 verbis
759 1255 846 1284 esse
878 1255 997 1284 usum
1017 1243 1214 1285 videmus.
1249 1254 1295 1283 ea
1327 1243 1403 1290 631,
1437 1254 1485 1282 ex
1507 1254 1584 1295 qua
1607 1242 1733 1295 scrip-

181 1308 245 1348 tas
268 1307 436 1348 Publilii
469 1308 691 1349 sententias
713 1308 903 1360 1116116161·
925 1308 996 1348 6111
1028 1306 1159 1348 Gellio
1192 1308 1264 1348 6111
1296 1307 1423 1347 etiam
1453 1306 1661 1348 Macrobio
1692 1307 1734 1347 in

181 1373 370 1425 promptu
397 1371 537 1414 fuisse.
599 1372 686 1431 Nec
709 1371 852 1419 Gellio,
888 1372 923 1412 si
954 1372 1128 1424 scriptae
1160 1372 1203 1412 in
1234 1370 1384 1424 vulgus
1417 1371 1550 1412 editae
1584 1373 1732 1420 essent,

183 1449 303 1477 661136
326 1436 485 1484 fuisset,
519 1449 588 1477 cur
621 1449 667 1478 ex
689 1438 803 1478 tanto
837 1437 1132 1478 seutentiarmn
1163 1448 1343 1484 numero,
1377 1438 1574 1489 quantum
1606 1435 1732 1477 fuisse

182 1513 286 1541 nunc
318 1501 419 1541 scire
452 1501 568 1542 nobis
590 1501 785 1549 videmur,
818 1514 967 1554 paucas
1000 1500 1195 1554 quasdam
1227 1500 1569 1541 circmnforaneas
1611 1501 1732 1553 atque

181 1566 228 1605 ut
248 1577 401 1614 vereor,
432 1578 483 1606 ne
505 1565 681 1619 optimas
710 1565 872 1618 quidem
905 1565 1088 1619 eligeret.
1151 1565 1257 1606 Elud
1288 1577 1382 1606 vero
1416 1566 1576 1606 constat
1606 1565 1732 1606 fuisse

182 1629 411 1683 aliquando,
456 1630 562 1683 quod
602 1631 765 1682 tempus
807 1630 1037 1671 accuratius
1081 1629 1246 1671 definire
1288 1642 1368 1671 11611
1408 1628 1517 1678 11661,
1563 1642 1610 1670 66
1640 1631 1733 1683 11631

183 1694 305 1736 Gellii
337 1693 498 1736 demum
536 1696 732 1748 tempora,
778 1695 846 1748 qui
878 1694 1048 1736 Publilii
1081 1694 1307 1736 sententias
1342 1695 1536 1735 erraticas
1569 1695 1733 1748 conqui-

181 1762 290 1800 reret
332 1772 550 1813 earumque
593 1773 640 1801 ex
670 1760 905 1801 litterarum
946 1760 1085 1802 ordine
1125 1759 1414 1814 (1131163116111111
1453 1772 1597 1813 corpus
1639 1772 1733 1801 con-

182 1823 333 1865 ficeret.

301 1888 415 1939 Quod
458 1902 600 1942 corpus
644 1890 762 1942 quale
805 1890 930 1931 fuerit
971 1891 1150 1932 divinare
1193 1903 1316 1943 quam
1355 1889 1526 1943 probare
1570 1888 1733 1930 facilius

183 1955 257 1995 est.
325 1953 467 2007 Neque
510 1954 619 1995 enim
659 1955 734 1996 hoc
774 1968 897 1996 manu
940 1956 1138 2008 scriptum
1180 1955 1232 1996 ad
1272 1959 1454 1996 nostram
1496 1955 1734 1996 memoriam

184 2019 385 2072 pervenit,
426 2018 495 2060 sed
536 2020 693 2072 antiqui
734 2019 849 2061 illius
892 2021 1071 2074 corporis
1114 2019 1190 2061 duo
1232 2020 1341 2061 inter
1383 2032 1425 2060 36
1459 2019 1734 2060 diversissima

186 2083 382 2136 exempla,
406 2083 594 2133 alterum,
619 2084 723 2138 quod
741 2084 917 2126 Senecae
935 2086 1096 2126 nomine
1120 2085 1222 2126 dixit
1239 2084 1449 2126 Guielmus
1467 2082 1734 2139 Meyerus‚¹⁰)

185 2147 375 2197 alterum,
408 2148 513 2201 quod
535 2148 672 2189 codice
689 2149 944 2203 Frisingensi
966 2150 1209 2191 continetur.
1252 2148 1432 2199 Quorum
1449 2148 1612 2202 quidem
1633 2148 1735 2189 illud

183 2212 478 2253 sententiarum
509 2212 834 2254 Publilianarum
865 2213 932 2254 vix
961 2214 1123 2266 partem
1156 2213 1382 2262 dimidiam,
1416 2225 1517 2266 quae
1551 2213 1612 2253 est
1643 2225 1734 2253 ver-

183 2289 301 2317 suum
341 2276 605 2318 ducentorum
650 2277 866 2331 sexaginta
898 2278 1086 2331 quinque,
1130 2279 1174 2318 in
1215 2277 1356 2319 littera
1396 2277 1437 2318 N
1479 2277 1734 2318 deficientem

183 2341 367 2390 adiectis,
410 2354 511 2394 quae
545 2341 646 2382 dixit
677 2341 952 2391 Woelfflinus‚
985 2343 1210 2396 proverbiis
1243 2343 1407 2384 centum
1429 2341 1733 2395 undequinqua-

183 2406 301 2459 ginta
333 2405 640 2459 complectitur:
673 2407 762 2456 hoc,
796 2407 900 2460 quod
920 2408 1183 2461 Frisingense
1215 2407 1407 2456 diximus,
1441 2419 1533 2447 611111
1565 2406 1616 2447 ad
1647 2406 1732 2459 pri-

183 2470 264 2511 oris
297 2470 523 2512 sententias
565 2472 607 2512 et
636 2471 850 2525 proverbia
880 2473 1084 2513 trecentas
1123 2472 1332 2526 octoginta
1364 2473 1536 2524 quatuor
1569 2473 1734 2512 senten—

183 2535 263 2576 tias
305 2535 427 2576 addat
469 2536 651 2577 omnium
683 2535 930 2586 litterarum,
974 2539 1108 2578 totum
1148 2536 1251 2578 illud
1288 2537 1502 2590 antiquum
1534 2536 1733 2578 sententi-

304 2652 335 2697 5]
361 2651 561 2687 Woelfflin.
587 2651 732 2696 Proleg.
758 2664 792 2696 p.
819 2653 875 2687 44⁷.
901 2653 956 2687 45.

306 2700 336 2737 9)
360 2699 543 2734 Ribbeck.
571 2699 617 2733 ad
643 2699 743 2734 Com.
770 2699 876 2734 Rom.
903 2699 1048 2744 Fragm.
1075 2700 1209 2736 Coroll.
1236 2713 1271 2744 p.
1297 2699 1434 2735 XCVI.

310 2747 359 2791 Ν)
386 2746 441 2781 Cf.
469 2746 623 2781 Guielm.
656 2746 797 2790 Meyeri
822 2747 967 2787 librum,
1007 2759 1114 2790 quem
1138 2747 1340 2792 inscripsit:
1373 2746 1443 2781 Die
1471 2746 1734 2791 Sammlungen

187 2793 253 2827 der
278 2791 528 2837 Spruchverse
555 2794 618 2827 des
643 2792 824 2827 Publilius
851 2792 962 2838 Syrus
999 2793 1122 2838 Leipz.
1151 2795 1252 2830 1877.
1279 2806 1313 2838 p.
1340 2794 1372 2829 8.
