1967 3090
801 170 1107 213 —119—

178 288 378 331 signatum,
406 287 602 321 numisma.
631 287 767 320 diversi
791 286 918 354 pretii,
952 292 1061 330 piout
1095 297 1224 320 aureus
1253 290 1329 319 eiat
1364 290 1424 318 aut
1451 289 1642 330 argenteus
1669 289 1734 320 aut

177 345 313 369 aereus.
363 332 822 369 Cf.Plaut.Pseud.111.
907 331 1480 401 ’O.5÷>·›57.Aul.111.⁴2.34.
1515 331 1613 367 Men
1641 332 1671 367 I.
1698 334 1730 374 4

180 383 210 417 1.
237 380 288 416 II.
316 382 347 421 2,
378 382 428 416 16.
456 380 562 416 Truc.
588 380 784 416 11..11.
809 359 917 414 Most.
943 379 1013 414 IV.
1103 382 1156 414 11.
1205 379 1490 414 Hultschiilibr.
1519 380 1579 423 qui
1605 380 1733 415 inscri-

175 429 276 464 bitur
301 428 519 472 metrolooia
545 427 672 462 Graec.
700 433 734 461 et
749 427 855 462 Rom.
882 439 916 471 p.
945 427 1024 461 006.
1051 428 1128 461 221.
1157 427 1235 462 231.
1286 426 1384 461 Hinc
1410 438 1571 461 amorem
1596 429 1734 462 nummi

177 477 270 511 dixit
304 475 371 509 Iuv
375 486 430 511 en.
462 474 568 509 XIV.
607 476 680 510 139.
730 473 891 508 Maxime
935 485 1022 508 vero
1056 486 1154 508 num.
1198 474 1335 518 plmali
1368 475 1508 508 nummi
1541 475 1734 518 pecuniam

177 522 393 569 significant.
420 527 461 556 ut
487 522 571 557 Sen.
599 522 643 556 de
670 521 788 556 benef.
818 520 953 561 11.25,
983 523 1012 556 1.
1041 533 1122 556 011111
1149 525 1245 555 esset
1279 521 1529 559 31 311331111113
1565 533 1734 556 nummos

177 572 282 606 citius
309 569 501 603 emrttebat
525 580 634 613 quam
659 569 788 610 1011)3;
818 573 853 602 01
879 568 947 602 VL
977 570 1007 606 3,
1034 569 1067 604 4.
1095 568 1223 603 (10111113
1250 575 1315 601 est.
1344 580 1467 602 servus
1496 572 1568 609 est,
1596 569 1734 603 nummi

178 622 272 653 sunt.
298 616 405 650 Publ.
431 616 462 650 B
489 616 534 651 28
559 617 648 660 (71).
698 615 863 650 Eandem
890 616 1107 650 sententiam
1138 615 1237 659 apud
1263 614 1336 650 Cic.
1369 615 1446 649 Cat.
1473 615 1559 650 Mai.
1596 617 1649 651 13.
1677 616 1733 652 δί.)

177 666 348 709 scriptam
366 663 459 708 legi:
489 663 679 705 „Avaritia
704 674 792 697 vero
809 663 933 697 senilis
961 663 1048 707 quid
1075 662 1247 696 31ὒ11011ῖ
1264 673 1338 695 non
1351 662 1545 707 intellego“
1568 664 1735 697 certatim

177 713 444 747 adnotaverunt
469 711 700 754 interpretes.
753 710 808 744 Cf.
834 709 1085 745 Pseudo-Seu.
1113 710 1158 744 de
1183 721 1273 743 mor.
1303 709 1356 744 123.

269 758 324 793 36.
351 757 516 792 Eandem
543 758 761 792 sententiam
787 757 941 802 praebet
967 757 1069 792 Caec.
1096 756 1202 792 Balb.
1228 769 1262 800 p.
1292 757 1346 792 26.
1365 756 1463 792 Mon.
1491 756 1620 791 XVII.
1648 759 1679 793 3.
1699 758 1733 793 b.

176 806 333 840 similem
369 804 575 849 Euripides,
616 806 716 839 0111113
741 805 779 838 111
805 804 935 848 fragm.
975 805 1054 845 901,
1094 806 1126 840 6.
1152 804 1211 838 hic
1249 815 1375 837 versus
1415 808 1550 838 exstat:
1590 803 1630 837 οὗ
1669 804 1735 850 γὰρ

173 852 367 897 ὀφθαλμὸς
395 852 433 885 τὸ
462 861 598 896 κρῖνον,
623 851 712 885 ἀλλὰ
739 853 840 890 νοῦς,
874 856 913 886 ut
949 851 1140 886 confirmat
1164 850 1350 885 Nauckius
1377 850 1462 886 Mel.
1491 850 1734 888 Greco-Rom.

174 912 208 945 p.
242 901 315 935 167.
342 899 398 938 Cf.
424 899 604 934 Ribbeck.
639 899 773 934 Coroll.
800 911 834 943 p.
861 899 1021 934 XCVII.
1073 898 1221 942 Quanta
1255 898 1477 932 feminarum
1502 899 1539 932 in
1564 899 1736 934 nubendo

174 948 304 982 levitas
332 958 395 981 sua
421 950 541 981 aetate
565 946 688 987 fuerit,
715 950 755 980 ut
779 958 845 981 nec
871 947 1026 991 repudio
1053 946 1314 981 erubescerent
1338 957 1405 980 nec
1425 946 1595 980 adulterii
1621 947 1735 990 pude-

173 999 239 1036 ret,
265 994 429 1038 queritur
455 993 539 1029 Sen.
566 994 611 1028 de
637 993 756 1029 benef.
782 993 856 1029 HI.
886 994 938 1034 16,
967 994 997 1028 2.
1048 995 1321 1037 Argumentum
1346 994 1456 1027 fuisse
1484 994 1533 1027 ait
1559 993 1734 1028 deformi-

173 1043 260 1076 tatis
279 1042 506 1086 pudicitiam.
544 1041 579 1075 N
581 1052 620 1075 00
638 1042 815 1075 maiorem
833 1042 995 1076 virorum
1014 1042 1052 1075 in
1067 1041 1312 1075 matrimoniis
1332 1040 1590 1075 contrahendis
1610 1052 1736 1075 curam

174 1089 285 1123 fuisse
311 1089 455 1123 divitias
481 1089 598 1133 magis
623 1088 661 1122 in
685 1088 879 1129 uxoribus,
914 1100 1023 1132 quam
1048 1088 1264 1132 pudicitiam
1291 1088 1506 1132 eligentium
1532 1100 1734 1131 uxoresque

173 1148 246 1171 non
273 1136 397 1172 oculis.
424 1136 487 1170 sed
513 1136 638 1181 digitis
665 1136 880 1170 ducentium
914 1136 1013 1170 idem
1039 1135 1177 1170 Seneca
1202 1139 1324 1169 narrat
1351 1135 1447 1179 apud
1472 1135 1624 1171 Hieron.
1653 1136 1736 1172 adv.

172 1183 290 1219 Iovin.
330 1184 353 1218 1.
380 1183 410 1218 I.
437 1196 471 1228 p.
500 1183 578 1218 158.
604 1183 643 1217 in
667 1182 815 1227 Fragm.
844 1184 898 1217 ed.
925 1183 984 1218 Fr.
1011 1183 1143 1217 Haasii
1168 1183 1240 1217 vol.
1266 1181 1340 1218 ΠΙ.
1367 1195 1401 1226 p.
1428 1183 1507 1222 432,
1537 1183 1592 1218 72.

268 1232 324 1266 37.
351 1232 427 1264 Aut
461 1231 497 1264 in
524 1230 676 1264 Publilii
710 1231 822 1265 mimo
859 1231 979 1274 aliquo
1013 1231 1075 1264 ille
1103 1229 1265 1264 Terentii
1295 1241 1423 1263 versus
1462 1230 1640 1274 repetitus
1674 1234 1736 1265 aut

173 1290 254 1313 cum
280 1279 328 1312 ad
356 1290 469 1311 unum
491 1278 647 1321 aliquem
675 1289 810 1317 eorum,
838 1279 901 1321 qui
924 1278 982 1312 hic
1006 1277 1159 1312 Publilii
1178 1283 1270 1317 sunt,
1287 1277 1491 1321 adscriptus
1511 1280 1616 1319 03301,
1643 1277 1738 1311 falso

172 1326 210 1359 in
239 1325 532 1359 Publilianorum
557 1325 724 1358 ordinem
750 1330 919 1369 receptus
944 1325 1099 1359 videtur.
1151 1324 1204 1358 Cf.
1232 1323 1338 1360 Publ.
1368 1324 1395 1358 C
1423 1326 1466 1360 ‘23
1492 1324 1607 1369 (108).

268 1373 323 1408 38.
351 1372 489 1407 Versus
524 1384 568 1406 ex
594 1372 735 1406 Graeco
767 1373 851 1407 111οῐ
887 1371 1089 1417 ἀφροδισιος
1117 1371 1215 1417 [γάρ]
1243 1371 1347 1415 ὅρκος
1373 1371 1436 1404 οὐκ
1461 1373 1671 1413 ἐμποίνιιιος
1697 1371 1736 1405 111

172 1425 346 1460 Latinum
371 1437 576 1460 conversus.
603 1424 657 1459 Cf.
684 1424 811 1459 Graec.
838 1430 933 1469 trag.
961 1425 1084 1468 adesp.
1119 1424 1163 1460 fr.
1189 1424 1270 1460 438.
1322 1424 1460 1458 Nauck.
1487 1425 1572 1458 mel.
1601 1424 1736 1459 Greco-

172 1473 279 1507 Rom.
307 1485 340 1517 p.
372 1473 447 1507 187.
477 1472 655 1506 Ribbeck.
685 1472 818 1506 Coroll.
845 1484 880 1516 p.
907 1471 1066 1507 XCVII.
1094 1472 1230 1506 Similis
1258 1473 1439 1506 sententia
1465 1471 1589 1506 Ovidii
1613 1472 1658 1506 A.
1686 1472 1732 1506 A.

171 1519 200 1553 Ι.
231 1520 310 1555 633.
362 1519 507 1563 Iupiter
541 1531 583 1553 ex
609 1520 683 1553 alto
711 1520 871 1563 periuria
898 1520 995 1553 ridet
1022 1525 1218 1553 amantum.

269 1568 324 1602 39.
351 1566 500 1600 Codicis
527 1566 688 1600 Palatini
716 1567 936 1611 scripturam
955 1567 1189 1601 commendat
1215 1570 1251 1600 et
1277 1565 1445 1609 Meyerus
1472 1578 1506 1610 p.
1535 1567 1590 1601 2⁴1».
1618 1566 1674 1600 21.
1700 1569 1738 1601 et

175 1613 359 1648 Nauckius
374 1640 381 1646 .
411 1614 471 1657 qui
496 1614 541 1647 de
566 1613 722 1647 Publilii
747 1625 789 1647 re
806 1615 957 1648 metrica
983 1614 1052 1648 hoc
1077 1617 1175 1647 recte
1201 1613 1348 1647 videtur
1365 1615 1595 1657 praecepisse
1619 1614 1658 1646 in
1684 1625 1738 1648 se-

173 1661 293 1695 cunda
320 1661 456 1694 senarii
483 1661 567 1695 sede
594 1661 798 1705 spondeum
824 1661 961 1695 duabus
989 1661 1137 1704 syllabis
1163 1661 1345 1694 inclusum
1370 1672 1443 1694 non
1470 1661 1647 1695 obtinere.
1679 1660 1735 1697 Cf.

170 1708 258 1744 Mel.
296 1707 542 1743 Greco-Rom.
577 1708 624 1742 ad
657 1707 763 1743 Publ.
790 1720 822 1742 1·.
854 1710 929 1743 191.
965 1709 1087 1742 adnot.
1127 1710 1156 1742 1.
1190 1720 1224 1751 p.
1261 1708 1338 1742 194.
1366 1707 1574 1741 Ediderunt
1600 1709 1664 1742 ita
1688 1711 1737 1742 ut

172 1754 360 1794 Gruterus.
377 1754 544 1796 Orellius,
560 1755 726 1796 Bothius,
743 1756 807 1789 310
818 1760 863 1789 ut
880 1755 1106 1796 Woeffiinus‚
1118 1755 1354 1795 Ribbeckius,
1378 1754 1605 1799 Spengelius.
1633 1754 1736 1789 Nihil

171 1806 291 1837 autem
307 1802 499 1847 particulis
517 1803 553 1836 it
565 1814 585 1836 3
602 1807 651 1836 111
676 1803 878 1837 coniunctis
896 1803 994 1846 apud
1007 1803 1258 1837 Romanorum
1276 1806 1311 1836 et
1328 1804 1456 1845 poetas
1484 1809 1519 1836 et
1538 1803 1735 1846 scriptores

171 1850 362 1893 pedestres
388 1850 626 1893 frequentius.
677 1850 772 1884 Vide
797 1850 910 1884 Hand
929 1850 1083 1884 Tursell.
1111 1850 1162 1883 ita.
1187 1850 1258 1884 vol.
1285 1849 1359 1883 III.
1387 1861 1422 1893 p.
1449 1850 1530 1884 468.
1556 1849 1586 1884 I.
1617 1851 1645 1884 1.
1673 1851 1735 1893 qui

171 1897 264 1931 haec
283 1897 451 1941 exempla
479 1898 603 1931 attulit
620 1896 742 1931 Plaut.
758 1896 869 1932 Mero.
896 1897 947 1931 H.
978 1899 1006 1939 1,
1033 1898 1088 1932 38.
1109 1898 1165 1932 39.
1193 1896 1272 1930 Cas.
1288 1896 1340 1933 II.
1368 1897 1399 1937 3,
1430 1897 1481 1931 13.
1501 1897 1583 1932 Ter.
1598 1896 1734 1932 Heant.

171 1943 239 1978 IV.
269 1944 300 1979 3.
329 1944 386 1978 ⁴24.
411 1943 504 1978 Eun.
533 1944 600 1978 IV.
629 1945 660 1979 2.
691 1947 720 1979 1.
748 1945 779 1979 2.
800 1944 873 1978 Cic.
893 1944 988 1978 Phil.
1016 1944 1085 1979 IV.
1111 1945 1144 1985 4,
1174 1945 1228 1979 10.
1256 1943 1324 1978 Off.
1351 1943 1381 1979 I.
1412 1945 1464 1985 16,
1492 1945 1547 1979 31.
1574 1943 1632 1978 De
1656 1955 1737 1978 sen-

170 1992 288 2025 tentia
313 1991 359 2027 cf.
389 1990 449 2027 Or.
468 1992 553 2025 Am.
579 1991 611 2026 I.
639 1992 670 2031 ⁴2.
700 1993 754 2026 11.
786 1993 838 2026 12.
857 1992 940 2026 coll.
968 1991 1052 2026 Sen.
1072 1991 1244 2026 Controv.
1271 1990 1322 2026 II.
1344 1992 1397 2026 10.
1424 2003 1459 2036 p.
1483 1993 1558 2027 155.
1579 1991 1635 2025 ed.
1652 1991 1735 2036 Bip.

269 2038 326 2074 40.
353 2038 492 2072 Versus
519 2042 618 2073 recte
643 2039 847 2082 reponendi
873 2039 1072 2073 difficultas
1106 2050 1180 2072 non
1210 2042 1288 2072 tam
1322 2039 1361 2072 in
1395 2039 1592 2079 sententia,
1627 2050 1737 2082 quam

174 2086 212 2119 in
238 2086 400 2119 numeris
425 2086 549 2129 posita
574 2090 639 2122 est.
667 2086 902 2129 Quamquam
926 2086 1103 2121 Bothius.
1139 2097 1223 2120 oum
1254 2085 1349 2120 nihil
1381 2098 1422 2120 eo
1448 2086 1620 2120 insulsius
1646 2085 1736 2131 fingi

175 2144 283 2177 posse
309 2133 514 2174 videretur,
550 2145 632 2168 eum
666 2134 831 2167 exclusit.
888 2133 1028 2167 Versus
1063 2123 1282 2167 sententiam
1319 2133 1414 2167 hanc
1448 2145 1525 2167 esse
1556 2133 1735 2168 arbitror:

176 2179 229 2214 Ut
255 2183 452 2224 conspecta
477 2181 624 2215 miseria
649 2181 770 2214 animo
797 2181 1004 2225 concipitur
1032 2180 1267 2215 misericord·
1257 2191 1310 2229 ·a:
1338 2181 1388 2214 310
1406 2191 1449 2214 ex
1473 2181 1584 2214 muli«
1587 2181 1637 2213 ris
1652 2192 1736 2214 con-

174 2230 301 2271 spectu
328 2238 430 2261 amor
453 2227 655 2263 imbibitur.
683 2227 727 2263 cf.
762 2226 868 2262 Publ.
895 2227 923 2262 C
948 2228 994 2262 44
1018 2227 1131 2273 (659).
1156 2208 1282 2272 Prop.
1314 2227 1345 2262 I.
1374 2229 1411 2269 1,
1442 2229 1471 2262 1.
1509 2227 1635 2272 Quint.
1665 2227 1737 2264 XI.

174 2275 207 2315 3,
235 2274 309 2309 75:
338 2273 434 2308 Sed'
424 2286 462 2308 111
487 2274 567 2319 ipso
585 2275 689 2309 vultu
713 2275 912 2318 plurimum
929 2275 1053 2309 1310111.
1078 2275 1184 2315 001111,
1211 2286 1277 2318 per
1302 2286 1392 2318 quos
1410 2276 1567 2308 maxime
1595 2275 1735 2309 animus

174 2325 330 2357 emanat.
357 2325 398 2355 ut
416 2322 507 2356 citra
524 2325 665 2356 motum
691 2333 833 2366 quoque
851 2330 887 2356 et
912 2322 1101 2356 hilaritate
1123 2322 1326 2356 enitescant
1351 2326 1386 2356 et
1402 2322 1552 2356 tristitia
1570 2321 1735 2356 nubilum

172 2368 315 2402 ducant.
344 2367 483 2402 Versus
515 2370 755 2413 proverbialis
791 2369 889 2413 apud
922 2369 1065 2405 Erasm.
1090 2369 1212 2414 Adag.
1244 2381 1280 2413 p.
1308 2369 1363 2404 50.
1389 2373 1427 2402 ἑκ
1458 2370 1523 2402 τοῦ
1554 2371 1619 2412 μὲι
1645 2367 1734 2414 ὁρᾶν

171 2416 311 2461 (ζέςορᾶν
337 2415 417 2460 Er.)
442 2416 510 2461 γὰρ
535 2415 664 2460 yiyarez'
694 2418 869 2460 (γίγνεται
894 2416 976 2462 Er.)
1012 2416 1227 2461 ἀνθρώποις
1252 2417 1346 2460 ἐρᾶν.
1396 2416 1502 2451 Idem
1518 2428 1584 2450 nOS
1610 2420 1735 2451 nostro

174 2473 359 2497 sermone:
385 2462 512 2503 Liebe,
538 2463 730 2508 gleichwie
760 2463 940 2505 Thracum,
968 2463 1051 2497 tritt
1075 2463 1142 2498 in's
1172 2464 1291 2508 Auge,
1319 2464 1417 2498 sinkt
1441 2475 1526 2497 vom
1543 2463 1638 2508 Afig⁷
1666 2463 1734 2497 in's

172 2509 283 2543 Herz.
336 2509 403 2544 Cui
428 2511 722 2554 interpretationi
747 2510 815 2544 hoc
841 2511 988 2544 videtur
1017 2511 1182 2552 obstare,
1209 2511 1306 2555 quod
1331 2523 1404 2545 non
1430 2511 1601 2545 lacrimae
1626 2511 1732 2544 mise-

170 2556 376 2597 ricordiam,
404 2557 468 2591 sed
484 2557 736 2592 misericordia
754 2558 922 2592 lacrimas
941 2558 1159 2593 antecedere
1177 2559 1388 2594 creduntur.
1427 2557 1506 2592 Neo
1522 2569 1608 2592 vero
1623 2557 1734 2591 aliam

170 2604 351 2638 rationem
376 2606 486 2648 poeta
520 2608 665 2638 secutus
685 2607 763 2640 est.
799 2604 893 2639 Nam
929 2608 965 2639 et
989 2605 1264 2640 misericordiae
1295 2610 1332 2640 et
1356 2606 1490 2640 amoris
1518 2617 1643 2639 sensus
1668 2604 1732 2638 ho-

169 2651 311 2684 minum
336 2651 464 2685 animis
505 2652 558 2685 ita
587 2652 718 2686 insitus
745 2655 810 2692 est,
849 2655 888 2685 ut
914 2652 1087 2686 lacrimas
1117 2660 1152 2686 et
1178 2664 1340 2687 amorem
1369 2653 1490 2697 ipsum
1515 2652 1733 2686 antecedere

170 2697 356 2732 videatur:
373 2699 424 2733 310
437 2701 559 2732 31110111
572 2702 722 2742 uterque
738 2710 861 2734 sensus
878 2702 1109 2752 comparatus
1124 2703 1188 2740 est,
1202 2703 1245 2733 ut
1255 2711 1294 2734 re
1305 2700 1598 2734 demumobiecta
1606 2709 1732 2733 accen-

172 2743 282 2778 datur
298 2756 340 2779 ac
358 2749 498 2779 certam
519 2746 701 2780 sentiendi
718 2746 928 2790 agendique
947 2747 1104 2790 speciem
1121 2747 1245 2782 intret.
1297 2747 1404 2791 Quod
1420 2747 1472 2780 ita
1490 2746 1541 2786 fit,
1568 2749 1608 2779 ut
1625 2756 1732 2779 nemo

170 2790 285 2826 ferme
309 2792 474 2827 misereri
499 2793 570 2827 m'si
594 2793 641 2827 ab
667 2793 844 2834 lacrimis,
871 2804 979 2827 nemo
1005 2805 1126 2828 amare
1150 2795 1222 2828 nisi
1247 2794 1294 2828 ab
1320 2794 1514 2828 oculorum
1539 2793 1617 2827 3010
1642 2792 1736 2826 inci-
