1967 3090
759 141 814 145 —
880 118 962 159 173
1026 141 1082 146 —

143 230 304 265 Publilio
319 233 382 264 aut
395 234 558 265 mutatur
572 231 742 276 graviore
756 231 818 265 ille
834 231 878 266 cf.
893 230 1000 266 Publ.
1017 230 1050 275 Q
1065 232 1109 266 32
1125 233 1194 274 (533
1190 232 1225 275 2)
1241 236 1301 265 aut
1315 231 1453 265 vitatur
1475 232 1634 266 omnino.
1663 232 1702 266 cf

141 276 301 312 Pub1.F
315 278 335 312 9
359 278 471 322 (174).
493 278 565 312 H
551 292 559 312 ι
588 278 703 323 (¹209).
726 278 766 312 M
784 278 829 313 58
854 279 966 317 (366).
991 276 1021 311 Ο
1038 281 1058 312 9
1078 279 1190 322 (4441.
1218 278 1348 321 Itaque
1362 290 1404 312 eo
1420 278 1596 313 deductus
1608 290 1698 320 sum

143 327 185 359 ut
201 335 269 368 pro
288 325 333 358 in
352 336 447 359 eum
465 336 594 368 quem
612 325 870 359 scribendum
861 337 905 358 1n
923 336 1057 367 quem
1077 326 1342 359 variamautem
1361 326 1461 359 illam
1479 326 1700 370 scripturam

142 381 294 416 peceS.
322 372 474 415 pecis,
497 383 673 415 pecces
696 383 864 416 peccas
879 372 1125 415 corruptelam
1140 383 1185 406 ex
1210 377 1376 416 peccat
1401 373 1458 406 vel
1476 376 1640 416 peccat
1660 373 1697 406 is

142 421 259 452 ortam
274 418 454 454 ducerem.
486 418 555 452 His
573 430 660 453 vero
678 419 858 453 concessis
878 423 939 452 aut
956 419 1120 462 probatis
1135 423 1260 459 restat,
1279 425 1317 452 ut
1333 431 1399 462 pro
1418 430 1523 463 pecc
1535 431 1585 452 av
1593 420 1696 461 erit,

141 464 237 508 quod
263 468 362 499 certe
379 476 446 510 pro
469 469 635 510 peccat
656 465 887 499 scribendum
910 476 989 499 esse
1015 477 1125 509 supra
1146 466 1320 499 d'mmus.
1348 477 1567 510 reponamus
1593 477 1697 510 pec-

140 512 230 546 cari
241 524 275 547 s:
298 513 394 547 unde
412 524 494 546 cum
507 513 701 547 verborum
716 523 824 546 sonus
838 512 1027 553 alluderet,
1047 512 1153 547 facile
1167 513 1403 557 intellegitur,
1423 513 1484 556 qui
1498 513 1636 547 factum
1650 514 1699 548 sit

139 562 181 593 ut
205 560 421 603 peccaris
449 560 580 604 prior
604 570 797 603 perperam
822 563 1028 593 mutaretur
1052 560 1090 593 in
1115 563 1283 604 peccat
1315 560 1478 594 rarior.
1522 559 1696 595 Variasse

139 606 284 650 quidem
311 607 483 640 videntur
508 606 592 640 libri
619 606 716 640 inter
740 609 909 650 peccat
934 610 971 641 et
996 610 1182 651 peccet:
1211 606 1275 640 sed
1301 618 1382 641 cum
1407 612 1444 640 et
1468 606 1498 640 P
1526 607 1698 642 exhibeat

138 664 280 697 pecas
308 659 342 687 et
368 653 580 688 adverbium
606 653 823 697 profecto
850 654 896 688 ad
921 665 1082 697 peccas
1108 654 1147 687 in
1172 654 1298 688 codice
1316 653 1505 687 Turicensi
1531 654 1697 688 additum

138 700 377 734 indicativum
403 700 594 734 ostendere
619 700 795 741 videatur,
823 704 984 744 peccat
1017 701 1250 735 coniunctivo
1284 700 1451 745 praetuli.
1501 699 1599 744 Imp
1611 713 1695 735 une

138 751 335 791 propterea
367 748 513 787 mutavi,
540 747 637 791 quod
664 748 883 782 sententiam
906 748 1074 782 laborare
1108 748 1292 782 intellexi:
1320 759 1398 782 esse
1425 748 1522 782 enim
1539 759 1697 791 persona

139 794 278 834 debuit..
307 795 344 828 in
370 806 477 847 quam
502 795 651 847 impune
676 806 856 838 peccares.
908 794 1009 839 Quae
1036 807 1117 829 cum
1143 795 1303 829 secunda
1328 806 1405 828 esse
1431 794 1590 835 deberet,
1629 806 1696 838 pro

137 841 327 886 impune
364 842 492 894 scripsi
526 841 628 875 iure
662 842 707 875 in
740 846 808 913 te:f
840 854 946 885 quam
978 843 1225 876 coniecturam
1249 841 1367 876 habeo
1394 852 1463 885 quo
1489 841 1694 875 defendam.

138 887 408 922 Commemorat
425 889 521 922 enim
535 888 620 932 ΜΘ)
625 900 705 922 erus
719 901 791 932 p.
797 889 942 932 zapud
955 889 1278 929 Bartolommeum.
1294 889 1535 923 clarissimum
1551 892 1694 923 senten-

136 936 270 969 tiarum
297 936 486 975 editorem,
522 947 608 979 quas
635 939 768 970 vocant
776 888 881 969 )Itali
915 936 1249 970 ammaestramenti
1275 936 1373 981 degli
1400 936 1549 976 antichi,
1577 947 1597 969 a
1623 947 1692 979 quo

135 993 285 1026 parvam
319 983 455 1016 codicis
481 982 724 1027 Frisingensis
757 983 942 1026 epitomen
972 994 993 1016 a
1017 983 1166 1027 Meyero
1192 984 1317 1017 littera
1355 983 1391 1015 ‘F
1413 983 1624 1028 insignitam
1657 984 1695 1016 in

135 1032 297 1063 veterem
322 1029 510 1070 Italorum,
538 1030 597 1072 qui
612 1041 708 1063 nunc
727 1034 820 1070 sunt.
848 1041 1051 1064 sermonem
1065 1041 1279 1064 conversam
1297 1035 1442 1064 exstare
1460 1030 1576 1070 docet,
1595 1030 1694 1064 hunc

134 1087 289 1117 versum,
317 1077 362 1110 de
381 1088 451 1120 quo
469 1077 694 1120 quaerimus,
722 1077 772 1110 sic
792 1077 967 1121 scriptum
985 1078 1076 1121 legi:
1102 1077 1287 1111 Iniuste
1312 1079 1418 1121 pcces
1445 1076 1629 1121 (precesss)
1656 1077 1694 1111 in

136 1133 217 1156 eum
235 1124 294 1166 qui
311 1127 448 1167 peccat,
469 1135 578 1167 quam
597 1125 816 1158 sententiam
833 1125 869 1157 in
888 1123 1060 1158 Italicum
1078 1125 1129 1159 sic
1146 1124 1342 1158 transfert:
1369 1123 1451 1157 Non
1467 1135 1554 1157 sono
1573 1124 1695 1169 giuste

134 1169 169 1204 le
199 1170 392 1214 preghiere
417 1182 483 1214 per
508 1171 615 1211 colui,
643 1171 709 1205 che
736 1171 823 1205 falla
848 1171 872 1204 i.
899 1182 928 1206 e.
954 1183 1028 1205 non
1054 1175 1140 1206 sunt
1164 1172 1281 1205 iustae
1306 1182 1432 1215 preces
1458 1182 1525 1215 pro
1553 1182 1603 1211 eo,
1632 1171 1694 1214 qui

135 1216 243 1252 fallit.
293 1217 338 1251 In
370 1217 434 1252 illo
460 1223 582 1252 autem
616 1218 791 1252 iniuste
819 1219 906 1261 quid
931 1219 1031 1252 aliud
1063 1219 1176 1253 latere
1202 1219 1318 1262 possit
1344 1219 1415 1252 nisi
1440 1219 1478 1251 id
1504 1218 1601 1262 quod
1626 1229 1692 1262 pro

134 1264 281 1308 impune
307 1265 558 1308 reponendum
583 1276 730 1299 censeo:
759 1266 884 1305 „iure
910 1265 953 1299 in
978 1266 1069 1299 te?“
1097 1287 1140 1291 —
1159 1265 1259 1309 Quae
1278 1277 1359 1299 cum
1377 1266 1429 1298 ita
1456 1266 1538 1305 sint,
1565 1276 1693 1299 versus

135 1312 355 1345 sententiam
389 1312 439 1345 sic
474 1312 633 1355 explico:
668 1311 802 1346 Merito
830 1313 867 1346 in
892 1318 929 1346 te
954 1312 1017 1346 ille
1043 1316 1182 1356 peccat,
1211 1324 1317 1356 quem
1342 1319 1384 1346 tu
1407 1313 1507 1356 prior
1533 1312 1691 1347 laeseris.

135 1356 188 1393 Cf.
205 1357 287 1393 Sen.
306 1359 351 1392 de
377 1359 418 1394 ir.
445 1358 496 1393 H.
524 1360 578 1399 -32,
608 1360 639 1393 1.
667 1359 742 1399 „At
767 1359 863 1393 enim
888 1359 943 1392 ira
967 1359 1079 1394 habet
1097 1360 1256 1404 aliquam
1272 1359 1497 1403 voluptatem
1525 1362 1560 1392 et
1587 1359 1694 1393 dulce

134 1408 190 1439 est
220 1405 386 1439 dolorem
418 1406 581 1441 reddere.
631 1405 803 1441 Minime:
837 1417 911 1440 non
945 1407 1040 1440 enim
1065 1410 1106 1440 ut
1137 1407 1175 1440 in
1201 1406 1387 1441 beneficiis
1420 1406 1612 1440 honestum
1639 1409 1694 1440 est

132 1452 265 1486 merita
289 1453 430 1486 meritis
457 1464 664 1497 repensare,
701 1454 754 1487 ita
786 1454 938 1487 iniurias
972 1454 1124 1489 iniuriis,
1173 1453 1259 1488 Illic
1284 1454 1381 1487 vinci
1407 1456 1514 1497 turpe
1539 1458 1604 1493 est,
1632 1453 1692 1487 hic

132 1499 290 1534 vincere.
322 1499 569 1533 Inhumanum
594 1501 747 1534 verbum
773 1504 828 1534 est
846 1504 881 1534 et
899 1500 1046 1544 quidem
1071 1512 1152 1545 pro
1178 1501 1301 1535 iusto
1326 1506 1564 1544 receptum
1584 1500 1691 1545 [ultio

133 1545 184 1591 et]
215 1546 315 1581 talio.
359 1546 442 1581 Non
474 1547 629 1581 multum
661 1548 785 1581 differt
810 1548 880 1580 nisi
907 1547 1050 1582 ordine:
1083 1549 1144 1591 qui
1179 1548 1343 1582 dolorem
1367 1547 1514 1591 regerit,
1549 1550 1692 1581 tantum

133 1594 338 1627 excusatius
362 1596 525 1638 peccat.·'‘
550 1594 731 1638 Equidem
748 1606 821 1628 non
847 1594 985 1635 dubito,
1013 1595 1099 1638 quin
1126 1594 1263 1629 Seneca
1281 1594 1377 1628 hunc
1404 1595 1524 1638 ipsum
1541 1593 1693 1627 Publilii

131 1650 275 1674 versum
301 1642 532 1684 spectaverit.

229 1712 284 1746 14.
323 1711 464 1753 „lnius
490 1712 647 1745 hominis
685 1712 910 1756 ingratitudo
948 1712 1010 1751 (cf.
1046 1712 1193 1748 Nolten.
1226 1712 1316 1759 Lex.
1353 1712 1441 1757 ling.
1476 1711 1540 1746 lat.
1576 1711 1688 1745 antib.

131 1762 218 1793 tom.
254 1757 284 1793 Ι.
310 1770 344 1802 p.
379 1759 459 1793 425.
487 1760 565 1794 551.
602 1759 686 1798 584)
720 1759 818 1799 facit⁷
845 1762 885 1793 ut
916 1771 983 1794 nee
1016 1760 1131 1803 gratis
1165 1763 1414 1793 succurratur.
1448 1770 1530 1793 cum
1557 1762 1689 1802 egent‘⁴

132 1805 316 1840 Erasmus.
344 1805 397 1841 Cf.
424 1805 530 1841 Publ.
558 1805 596 1840 Μ
627 1807 641 1840 1
669 1806 781 1845 (309).
808 1786 931 1842 Plaut.
957 1806 1092 1842 Bacch.
1119 1806 1192 1843 ΠΙ.
1221 1810 1251 1847 ),
1281 1807 1371 1841 10-
1376 1796 1429 1840 13.
1459 1806 1532 1840 C'i'c.
1559 1805 1617 1840 off.
1636 1805 1689 1840 ΙΙ.

134 1852 188 1887 18.
217 1852 300 1888 Sen.
334 1853 379 1887 de
405 1853 524 1888 benef.
558 1852 590 1886 Ι.
619 1854 648 1894 1,
676 1856 707 1887 Η.
742 1848 815 1887 ΙΙΙ.
853 1855 881 1894 1,
919 1854 951 1889 3.
987 1854 1151 1899 ingratus
1185 1859 1249 1894 est,
1285 1854 1346 1897 qui
1381 1853 1600 1887 beneficium
1633 1864 1689 1887 ac-

134 1900 273 1944 cepisse
299 1903 419 1945 negat,
455 1901 553 1944 quod
587 1901 744 1944 accepit3
781 1889 947 1944 ingratus
974 1905 1038 1941 est,
1075 1902 1138 1945 qui
1164 1880 1386 1944 dissimulat3
1421 1900 1599 1944 ingratus.
1628 1900 1689 1943 qui

132 1957 205 1981 non
231 1947 372 1990 reddit;
399 1947 668 1991 ingratissimus
695 1948 868 1985 omnium,
894 1948 955 1991 qui
982 1948 1117 1981 oblitus
1144 1952 1208 1982 est.
1240 1947 1330 1982 VII.
1358 1948 1414 1983 32.
1455 1947 1617 1988 ‚‚Auson.
1645 1958 1690 1980 ex

131 1993 353 2028 Menandro:
381 1993 535 2039 Ingrato
562 1994 708 2027 homine
734 1998 833 2028 terra
858 1995 961 2038 peius
980 1995 1032 2028 nil
1051 1998 1172 2029 creat‘⁴
1198 1994 1390 2029 Fabricius
1409 2006 1466 2038 ap.
1485 1994 1688 2028 Kremsier.

131 2052 166 2084 p.
193 2041 247 2076 39.
273 2053 305 2074 v.
333 2040 413 2076 409.
441 2041 524 2075 coll.
551 2040 657 2075 Publ.
686 2041 741 2076 ed.
768 2041 894 2075 Bothii
919 2053 951 2076 v.
979 2042 1058 2077 343.

227 2112 280 2146 15.
315 2111 406 2146 Mihi
434 2111 581 2155 quidem
606 2123 732 2146 versus
761 2112 981 2146 sententiam
1006 2116 1103 2147 recte
1129 2115 1315 2146 assecutus
1343 2113 1491 2146 videtur
1515 2112 1688 2146 Halmius

132 2169 220 2200 esse,
248 2159 509 2193 contumeliam
534 2160 571 2192 in
596 2160 781 2193 neminem
805 2159 991 2203 impunius
1018 2159 1097 2193 fieri
1121 2160 1194 2193 nisi
1212 2160 1248 2193 in
1266 2160 1455 2193 miserum:
1483 2171 1591 2203 quam
1609 2171 1689 2194 sen-

130 2206 285 2240 tentiam
321 2210 358 2240 et
391 2207 468 2250 ipse
494 2205 673 2240 Publilius
708 2206 727 2239 I
753 2207 798 2240 47
825 2207 928 2251 (277)
961 2207 1109 2250 repetiit
1143 2211 1178 2240 et
1211 2206 1275 2240 alii
1307 2207 1504 2250 scriptores
1532 2206 1688 2240 similem

130 2253 169 2287 in
194 2253 342 2287 modum
369 2253 667 2288 decantaverunt.
725 2252 844 2287 Plaut.
871 2252 973 2288 Pers.
1000 2253 1075 2288 III.
1106 2255 1134 2295 1,
1165 2254 1218 2288 19.
1245 2254 1302 2289 20.
1336 2265 1421 2287 nam
1455 2254 1485 2286 si
1519 2254 1565 2287 ad
1599 2265 1687 2297 pau-

131 2304 313 2344 pertatem
352 2300 562 2344 admigrant
607 2301 800 2341 infamiae,
839 2301 989 2345 gravior
1019 2304 1216 2344 paupertas
1254 2300 1312 2341 fit,
1352 2299 1442 2334 fides
1482 2300 1687 2336 sublestior.

131 2346 213 2382 Sen.
239 2346 413 2391 Excerpt.
446 2347 617 2381 Controv.
645 2347 755 2381 VIII.
796 2349 826 2382 1.
854 2359 888 2391 p.
915 2347 995 2382 468.
1035 2346 1196 2381 Facilius
1220 2348 1403 2388 miserum,
1440 2358 1550 2391 quam
1576 2347 1686 2382 scele-

130 2397 250 2428 ratum
283 2393 431 2428 fortuna
465 2395 592 2430 vincit.
643 2393 767 2437 Quint.
794 2393 884 2429 XII.
910 2394 942 2434 8,
972 2395 1026 2430 14.
1061 2395 1173 2428 tertia
1203 2396 1306 2438 (pars
1339 2395 1360 2429 i.
1396 2406 1426 2430 e.
1465 2396 1688 2434 contemtus)

131 2441 345 2475 humiliores
377 2442 523 2485 premit.
575 2440 648 2475 Sed
682 2442 720 2475 id
751 2441 849 2485 quod
882 2441 1052 2475 Halmius
1087 2442 1244 2476 conjecit
1276 2441 1423 2487 longius
1456 2453 1476 2474 a
1508 2441 1687 2475 librorum

132 2488 314 2532 scriptura
337 2488 487 2530 recedit,
514 2500 732 2532 quamquam
758 2500 804 2522 ne
830 2488 868 2522 id
893 2488 1040 2532 quidem
1065 2500 1133 2533 ego
1158 2489 1253 2522 utin
1269 2488 1340 2523 hoc
1356 2499 1491 2532 genere
1507 2488 1687 2523 librorum

129 2535 330 2568 verendum
355 2546 432 2569 esse
459 2535 630 2570 arbitror.
680 2535 819 2570 Tamen
845 2536 943 2579 quod
967 2539 1052 2579 post
1076 2535 1189 2569 verba
1214 2536 1373 2569 miseri
1398 2536 1541 2569 vitam
1573 2535 1685 2568 inter-

132 2582 263 2616 cidisse
289 2581 436 2616 credam
461 2582 679 2623 invent-a,
708 2594 749 2616 eo
775 2582 973 2626 perductus
1000 2595 1080 2616 sum
1106 2587 1143 2617 et
1160 2583 1257 2626 quod
1274 2583 1417 2616 nullum
1434 2582 1472 2616 in
1489 2582 1562 2615 illis
1580 2581 1684 2615 libris

130 2629 269 2668 vitium,
305 2629 436 2672 quibus
478 2630 678 2664 sententiae
712 2629 943 2663 Publilianae
977 2630 1023 2663 ad
1062 2630 1157 2664 hanc
1198 2629 1412 2663 memoriam
1450 2629 1685 2663 transmissae

132 2679 226 2717 sunt,
264 2676 409 2720 saepius
443 2676 633 2710 observavi
658 2677 824 2716 inveniri,
852 2687 961 2720 quam
986 2677 1088 2717 illud⁷
1122 2680 1163 2710 ut
1187 2676 1341 2710 verbum
1367 2676 1477 2710 simili
1503 2676 1685 2719 scriptura

131 2725 195 2756 aut
219 2733 308 2756 sono
334 2723 661 2767 praetermittatur.
705 2723 758 2758 Cf.
786 2722 892 2759 Publ.
920 2723 954 2757 D
986 2723 1031 2758 24
1057 2724 1170 2768 (146).
1196 2723 1226 2757 F
1246 2724 1288 2759 2-3
1317 2723 1433 2768 (187).
1460 2723 1490 2757 Ο
1510 2724 1564 2758 15.
1590 2721 1621 2755 P
1639 2721 1685 2757 30
