1967 3090
235 263 313 285 rere
324 255 339 284 1⁴
367 272 406 275 -ν
435 249 693 284 Monstrum
729 249 924 283 universim
951 249 995 283 de
1021 260 1232 292 quacunque
1260 259 1298 281 re
1325 248 1426 288 mira.
1455 247 1637 288 inusitata,
1679 247 1794 282 incre-

236 298 339 332 dibili
367 298 437 331 dici
464 297 570 331 docet
599 296 839 331 F‹›rcellinius
866 296 954 331 Lex.
984 296 1104 329 locum
1131 296 1285 330 afferens
1313 298 1460 339 praeter
1479 294 1568 328 alios
1585 294 1658 330 Cic.
1679 293 1789 330 Verr.

236 345 287 380 II.
315 347 345 379 3.
379 345 436 379 1:51
466 356 536 378 nou
562 344 652 377 mihi
679 344 748 377 iam
774 343 925 379 furtum.
967 343 1029 377 sed
1056 347 1259 377 monstrum
1285 354 1325 376 30
1352 341 1562 386 prodigium
1588 341 1792 377 videbatur.

335 394 410 426 ivs.
440 391 522 426 8911.
551 391 594 425 (le
622 391 727 425 clem.
755 390 806 426 H.
834 393 865 428 6.
893 392 925 426 4.

339 440 410 474 100.
439 438 521 473 Seu.
549 438 594 472 de
621 438 674 471 ira
700 437 751 472 Π.
780 439 834 477 31,
864 439 895 472 5.

331 486 410 520 200.
438 485 526 520 Cod.
554 485 749 519 Bernensis
777 497 810 518 n.
838 485 916 520 ΜΓ.
944 496 1036 519 saec.
1064 483 1148 519 XV.
1177 483 1371 528 insignitus
1399 493 1419 516 a
1445 482 1647 517 Ribbeckio
1667 482 1792 517 littera

236 533 275 567 b:
303 532 434 567 Melius
461 536 515 566 est
542 533 635 566 mori
662 543 771 575 quam
796 533 959 574 torqueri
986 532 1109 566 faucis.
1164 530 1268 565 Unde
1295 529 1562 564 Buechelerus:

579 578 726 613 Meliust
754 579 880 612 moriri
907 580 1013 622 quam
1039 578 1203 621 torqueri
1230 577 1361 611 sauciis

239 626 463 662 Ribbeckius
490 627 714 661 coniecerat:
749 626 922 660 fabulis
950 626 970 660 i.
1000 637 1028 661 e.
1057 625 1283 659 sermonibus
1310 624 1421 668 vulgi.
1448 623 1506 659 Ri.
1534 635 1566 658 V.
1595 625 1672 659 165.

330 675 409 708 201.
453 673 578 717 Eurip.
608 685 664 717 ap.
693 673 765 707 Cic.
801 672 907 708 Tusc.
942 672 1015 708 III.
1053 673 1108 716 25,
1145 673 1200 707 59.
1244 670 1385 712 ..Nemo
1418 673 1495 704 tam
1521 670 1608 705 felix
1634 682 1795 714 unquam

236 722 331 755 inter
357 721 521 755 homines
548 721 701 759 exsistit,
728 720 789 763 qui
816 731 889 753 11011
915 720 1111 763 aliquando
1139 719 1330 753 doluerit.“
1357 717 1464 754 Fabr.
1493 729 1549 761 ap.
1576 716 1665 751 Zell.
1684 730 1718 762 p.
1738 718 1794 753 62.

235 781 266 802 v.
299 769 374 803 145.
402 771 438 802 et
463 767 662 803 Kremsier.
690 779 724 811 p.
752 767 807 802 41.
835 779 866 802 v,
902 768 982 803 431.
1027 767 1080 802 Cf.
1115 766 1240 810 Eurip.
1267 764 1413 810 Fragm.
1442 765 1496 800 ed.
1524 764 1570 800 A.
1598 763 1787 800 Matthiae.

236 819 323 850 tom.
352 814 418 850 IX.
446 827 480 859 p.
511 815 588 849 193.
614 814 839 858 Hypsipyles
868 813 934 849 VI.
952 835 993 838 —
1012 815 1076 858 ἔφυ
1095 816 1160 853 μὲν
1188 811 1299 847 οὐδε-ἰ.-
1325 814 1420 847 lions
1447 811 1486 844 οἱ·
1515 820 1618 844 ποιέῑ
1636 813 1792 856 βροτῶν.

236 862 337 897 Stob.
364 861 463 896 Flor.
489 865 514 896 t.
546 862 610 896 108
637 862 742 905 (106)
769 873 803 905 p.
831 861 909 896 561⁴.
940 862 992 896 11.
1020 861 1149 895 Grotio
1176 861 1390 904 interprete:
1419 859 1567 893 Cunctis
1586 858 1792 893 hominibus

235 909 361 944 haeret
388 909 560 943 adsiduus
587 909 703 943 labor.

330 957 410 991 202.
439 956 523 990 8911.
551 956 594 989 (19
621 956 724 991 clem.
752 954 782 990 I.
810 956 840 996 5.
870 956 900 990 5.
928 955 972 989 de
1000 955 1042 990 ir.
1068 954 1098 990 I.
1127 956 1181 991 20,
1210 956 1248 989 3:
1276 954 1326 988 ita
1353 954 1407 987 ira
1434 953 1611 988 muliebre
1631 953 1788 987 maxime

234 1015 275 1038 ac
300 1003 439 1048 puerile
466 1004 595 1037 vitium
621 1006 686 1036 est.
737 1002 789 1037 At
815 1002 943 1037 incidit
970 1006 1003 1036 et
1031 1002 1067 1035 in
1093 1002 1213 1036 viros‘·
1241 1004 1330 1045 etqs.
1358 1000 1545 1036 Fabricius
1572 1012 1720 1035 versum
1746 1012 1790 1034 ex

235 1052 384 1094 antiquo
411 1052 530 1094 poeta,
558 1053 597 1084 ut
623 1051 803 1094 opinatur,
831 1050 1029 1093 repetitum
1055 1049 1106 1083 sic
1131 1048 1309 1092 explevit:

567 1096 749 1131 Muliebre
774 1096 895 1131 furere
923 1100 987 1137 est,
1016 1098 1070 1129 ira
1097 1107 1221 1140 regem
1247 1096 1320 1129 11011
1346 1095 1463 1129 decet.

235 1146 357 1188 Atque
383 1146 434 1178 ita
468 1146 727 1188 interpretatus
763 1147 836 1177 est:
877 1142 1040 1188 ..Regem
1074 1143 1208 1177 habere
1247 1143 1404 1186 impetus
1438 1141 1646 1175 moderatos
1673 1141 1786 1181 decet,

234 1204 320 1226 nam
345 1192 451 1226 nimis
478 1191 741 1226 excandescere
768 1194 803 1224 et
830 1190 1013 1225 vindictae
1051 1190 1224 1234 cupidum
1259 1200 1336 1222 esse
1374 1188 1512 1233 ingenii
1538 1187 1726 1223 muliebris
1753 1190 1790 1222 et

235 1239 438 1274 meticulosi
464 1242 552 1274 est-2
603 1238 657 1272 Os.
685 1238 775 1273 Zell.
802 1250 836 1282 p.
863 1238 917 1272 64.
946 1249 978 1271 v.
1007 1237 1061 1272 64.
1091 1240 1125 1271 et
1152 1236 1356 1271 Kremsier.
1376 1248 1408 1279 p.
1430 1235 1485 1270 42.
1505 1235 1793 1271 ν.445.Ε1“35111.

235 1287 307 1321 Ad.
335 1299 369 1330 p.
398 1288 478 1321 253.

331 1335 410 1369 203.
438 1332 520 1367 8911.
550 1345 604 1377 ep.
636 1332 679 1367 V.
707 1333 727 1367 Τ
755 1332 832 1377 (47)
857 1334 888 1367 3.

331 1381 410 1415 204.
437 1380 662 1415 Ribbeckius
690 1391 708 1414 e
735 1379 814 1414 cod.
842 1378 984 1413 Cusano
1010 1390 1047 1414 c:
1092 1390 1181 1419 „nec
1209 1389 1318 1411 unam
1343 1377 1471 1412 horam
1498 1374 1627 1412 avarus
1654 1375 1794 1421 neggli-

235 1428 288 1472 git
315 1427 495 1462 lucrum··:

569 1474 644 1508 Nec
670 1475 779 1508 unam
805 1485 934 1507 avarus
961 1473 1090 1507 horam
1117 1473 1275 1507 neclexit
1302 1472 1453 1506 lucrum.

291 1540 294 1542 v
329 1522 387 1557 Ri.
416 1535 447 1556 v.
479 1523 555 1557 175.

332 1570 410 1604 205.
438 1569 483 1604 D.
510 1569 661 1603 Laberii
687 1579 812 1602 versus
840 1567 937 1611 apud
964 1566 1047 1602 Sen.
1075 1567 1119 1601 de
1145 1567 1186 1601 ir.
1214 1566 1267 1601 II.
1298 1567 1349 1605 11,
1386 1567 1417 1600 3.
1445 1567 1479 1599 et
1506 1564 1603 1609 apud
1628 1563 1791 1598 Macrob.

235 1616 312 1651 Sat.
346 1616 397 1652 II.
429 1616 455 1650 ἶ.
483 1616 648 1650 Mutatus
676 1615 877 1659 paullisper
903 1615 940 1648 in
967 1613 1194 1648 Publilianas
1223 1613 1420 1647 sententias
1447 1612 1504 1657 (M
1530 1612 1575 1646 30
1602 1612 1724 1657 (3381)
1749 1611 1796 1645 ir-

234 1664 360 1707 repsit.
387 1664 438 1697 ita
464 1667 502 1697 ut
528 1663 689 1697 Publilio
716 1674 797 1696 eum
824 1662 959 1696 tribuat
986 1661 1040 1695 Io.
1067 1661 1210 1696 Saresb.
1237 1660 1372 1694 Polior.
1399 1660 1431 1700 ὅ.
1474 1660 1524 1694 14.
1564 1658 1678 1703 Apud
1703 1658 1794 1692 alios

235 1711 343 1744 aliter
369 1711 528 1745 diffictus
555 1710 720 1750 recurrit,
748 1712 786 1743 ut
813 1709 910 1753 apud
936 1707 1184 1743 Pseudo-Seu.
1212 1707 1256 1742 de
1283 1719 1374 1743 mor.
1403 1708 1466 1742 61:
1504 1706 1600 1750 „Qui
1626 1718 1646 1739 a
1671 1705 1796 1739 multis

234 1758 394 1798 timetur,
434 1758 567 1792 multos
607 1757 735 1791 1111191ιι
774 1761 812 1790 et
838 1756 935 1800 apud
961 1755 1100 1790 Auson.
1127 1754 1228 1799 Sept.
1255 1753 1341 1798 Sap.
1370 1754 1470 1789 Sent.
1498 1754 1529 1793 4,
1558 1754 1596 1787 5;
1641 1751 1792 1793 „Multis

233 1805 409 1839 terribilis
437 1805 564 1839 timeto
591 1804 761 1838 multos‘t.
813 1802 869 1838 Cf.
903 1802 1081 1838 Ribbeck.
1118 1802 1218 1837 Com.
1245 1801 1351 1836 Rom.
1378 1800 1523 1846 Fragm.
1551 1812 1585 1845 p.
1612 1800 1691 1835 297.
1719 1798 1792 1833 III.

330 1853 410 1887 206.
436 1851 579 1886 Erasm.
607 1851 678 1885 Ad.
705 1863 738 1895 p.
767 1850 846 1885 510.

329 1899 408 1934 207.
445 1898 679 1933 0390133111.
706 1909 741 1942 p.
767 1897 823 1932 22,
851 1896 950 1931 Mon.
979 1895 1046 1931 XI.
1074 1897 1106 1931 5.
1148 1895 1264 1934 (Sent.
1304 1896 1396 1939 121).
1440 1894 1494 1930 Of.
1527 1894 1632 1929 Publ.
1667 1893 1701 1927 N
1737 1894 1792 1928 61.

235 1946 372 1979 Versus
401 1946 581 1980 sententia
607 1946 696 1979 haec
723 1948 797 1978 est:
838 1943 916 1983 ..Ne
950 1944 987 1977 in
1019 1955 1107 1986 quas
1143 1955 1265 1977 rerum
1289 1942 1576 1976 necessariarum
1603 1941 1792 1985 augustias

234 1993 292 2026 vel
318 1992 553 2027 difficultates
580 1992 784 2032 adducaris,
811 1991 930 2025 cautio
957 1990 1024 2024 tibi
1043 1990 1248 2024 adhibenda
1264 1993 1316 2024 est
1331 1989 1557 2034 frugalitas‘t.
1585 1987 1638 2022 Cf.
1655 1987 1791 2023 Bremi.

233 2040 279 2074 ad
305 2039 405 2075 Suet.
433 2039 534 2075 Caes.
563 2040 617 2075 68.
644 2039 723 2073 Tib.
750 2039 807 2073 47.
834 2038 892 2073 Ri.
920 2049 952 2072 V.
980 2037 1059 2073 229.
1505 2061 1511 2063 -

329 2087 407 2121 208.
436 2086 517 2121 Sen.
546 2086 700 2131 Hippol.
740 2086 817 2121 160.
857 2085 1033 2125 „Atrocia
1069 2084 1204 2118 scelera
1239 2095 1322 2118 raro
1355 2084 1571 2117 creduntur:
1616 2084 1793 2126 putantur

233 2134 331 2168 enim
357 2134 436 2168 fieri
462 2145 535 2168 non
561 2138 690 2178 posse‘·'
733 2132 837 2167 Fabr.
881 2144 937 2175 ap.
973 2131 1062 2165 Zell.
1102 2144 1136 2175 p.
1178 2131 1233 2166 68.
1272 2143 1304 2166 v.
1338 2130 1415 2165 204.
1453 2133 1489 2164 et
1522 2129 1722 2164 Kremsier.
1757 2140 1792 2172 p.

233 2181 313 2216 471.
342 2193 375 2215 v.
401 2181 481 2216 495.

328 2229 407 2263 200.
434 2227 518 2263 Sen.
546 2227 590 2261 de
616 2227 657 2260 ir.
685 2226 739 2261 II.
768 2227 821 2267 15,
849 2227 880 2261 4.

328 2276 407 2310 210.
436 2274 520 2308 8911.
548 2275 592 2308 de
619 2274 661 2309 ir.
689 2273 719 2309 I.
748 2274 803 2314 19.
831 2275 862 2309 T.

328 2323 407 2356 211.
434 2321 488 2363 „E
515 2321 640 2355 codice
665 2320 834 2355 Palatino
863 2322 1064 2354 Gruterus*
1091 2319 1149 2353 Εἰ.
1177 2319 1234 2353 Ex
1262 2319 1336 2353 Cic.
1357 2317 1462 2352 Vcrr.
1481 2317 1512 2352 L
1534 2318 1590 2355 15,
1608 2317 1663 2352 38.
1684 2328 1793 2360 quem

233 2369 355 2402 locum
369 2369 493 2402 attulit
508 2368 656 2402 Servius
683 2368 729 2402 ad
755 2367 870 2412 Verg.
897 2367 990 2401 Aen.
1018 2365 1068 2400 II.
1099 2367 1193 2406 157..
1214 2366 1318 2400 fluxit
1344 2366 1382 2399 in
1409 2365 1514 2400 0390.
1541 2364 1645 2399 Balb.
1672 2375 1707 2408 p.
1734 2363 1791 2399 38.

232 2415 318 2449 Par.
345 2417 377 2450 3.
403 2414 519 2459 (Sent.
550 2415 642 2458 124).
670 2414 766 2449 Vide
792 2414 928 2458 Meyer.
956 2426 990 2458 p.
1017 2413 1073 2448 45.

327 2463 407 2496 212.
446 2461 693 2496 Pseudo—Seu.
721 2462 765 2495 de
791 2473 881 2495 mor.
909 2462 964 2495 623.
992 2459 1099 2495 Prov.
1130 2459 1264 2505 132Cf.
1293 2459 1393 2494 Sent.
1420 2458 1514 2492 falso
1540 2458 1637 2492 inter
1662 2456 1789 2491 Publi-

232 2510 347 2543 lianas
374 2512 510 2552 recept.
540 2509 616 2544 101).
644 2509 723 2544 355.
758 2507 1007 2543 Pseudo-Seu.
1051 2507 1095 2541 de
1121 2518 1211 2542 mor.
1239 2508 1293 2542 64.
1327 2505 1382 2540 1)9
1410 2505 1562 2539 avaritia
1588 2505 1677 2539 haee
1704 2503 1790 2539 Sen.

232 2568 289 2600 ep.
316 2555 423 2591 XIX.
451 2559 470 2591 6
498 2556 602 2600 (7115)
632 2557 691 2590 16:
721 2555 829 2589 Nulla
856 2555 953 2589 enim
979 2555 1131 2588 avaritia
1160 2554 1236 2588 sine
1262 2564 1379 2597 poena
1406 2556 1470 2593 est,
1499 2551 1662 2595 quamvis
1703 2551 1790 2585 satis

233 2605 279 2637 sit
308 2603 387 2646 ipsa
414 2613 626 2646 poenarum.

327 2651 406 2684 213.
435 2649 519 2684 Sen.
546 2649 589 2683 de
618 2649 735 2683 benef.
764 2648 809 2684 V.
839 2650 892 2688 14.
921 2650 953 2683 2.
980 2649 1038 2684 Ri.
1067 2661 1098 2683 v.
1129 2648 1206 2682 150.

328 2697 408 2731 214.
434 2696 677 2730 Proverbium
703 2695 883 2730 Graecum
911 2696 1008 2739 apud
1033 2695 1164 2739 Apost.
1192 2693 1282 2728 XII.
1310 2694 1373 2727 33:
1400 2692 1418 2726 ὁ
1447 2690 1508 2725 δύο
1536 2692 1682 2726 πτιῦκας
1707 2689 1788 2724 Bm}-

235 2757 308 2775 mm*
335 2742 522 2790 οὐδέτερον
550 2742 825 2785 καταλαμβάνει.
868 2742 921 2776 Cf.
948 2742 1088 2776 El'asm.
1116 2741 1188 2776 Ad.
1215 2753 1249 2785 p.
1277 2741 1356 2775 ῈῙΙ.
