1967 3090
777 117 1091 159 —221—

159 239 307 277 accepta
341 233 563 267 sustulerunt
590 261 596 267 .
625 260 632 267 .
661 259 668 267 .
696 244 789 266 nunc
823 244 866 266 ex
900 231 987 264 urbe
1014 232 1193 264 sociorum
1220 236 1368 274 praetor
1394 229 1555 263 eiusdem
1582 229 1707 273 populi

160 280 387 324 turpissimus
402 284 509 323 atque
520 280 784 323 impurissimus
799 279 945 313 eosdem
957 278 1038 312 illos
1054 278 1139 312 deos
1150 278 1289 311 nefario
1302 277 1435 311 scelere
1453 288 1473 310 a
1484 276 1583 310 ufer
1594 276 1709 310 ebat.

161 327 243 361 Sen.
271 327 316 361 ad
344 327 454 361 Marc.
482 327 526 360 (18
553 327 690 361 consol.
719 326 768 361 [I.
798 328 829 360 2.
856 326 901 359 de
927 329 1043 368 tranq.
1071 326 1178 359 anim.
1205 324 1235 360 I.
1267 326 1293 359 l.
1322 336 1377 368 ep.
1406 323 1492 358 XV.
1524 326 1538 358 1
1568 324 1649 368 (93)
1676 325 1709 358 8.
1727 361 1735 369 ι

160 376 180 409 3
205 375 283 419 (95)
309 375 364 409 30¹.
415 374 469 408 De
497 374 676 408 sententia
702 374 747 409 cf.
774 373 894 406 Plaut.
922 371 1034 406 Mero.
1056 371 1100 407 V.
1119 372 1150 411 4,
1167 374 1221 406 26.
1250 372 1376 405 itidem
1395 375 1433 404 ut
1452 375 1593 415 tempus
1613 371 1708 411 anni,

160 424 318 456 aetatem
353 421 460 455 aliam
494 421 593 455 aliud
625 421 762 454 factum
796 420 974 454 convenit.
1026 418 1108 454 Sen.
1145 419 1189 452 de
1224 419 1265 452 ir.
1292 418 1343 451 II.
1376 418 1425 458 18,
1450 420 1480 453 2.
1517 418 1622 452 facile
1656 421 1711 451 est

159 469 254 502 enim
280 471 424 502 teneros
451 468 566 502 adhuc
600 468 739 501 animos
769 477 997 510 componere,
1025 465 1222 499 difficulter
1248 465 1462 498 reciduntur
1488 465 1586 504 vitia,
1615 476 1705 508 quae

159 515 348 549 nobiscum
379 519 581 550 creverunt.
609 526 663 558 ep.
690 514 718 550 I.
750 516 800 553 11,
822 515 849 548 1.
885 513 984 546 nulla
1010 514 1106 546 enim
1133 513 1312 556 sapientia
1338 512 1519 545 naturalia
1546 512 1710 555 corporis

159 565 222 596 aut,
247 562 356 596 animi
383 563 471 596 vitia
489 565 674 606 ponuntur
693 561 733 604 (i.
752 573 782 596 e.
802 561 1068 604 deponuntur):
1096 559 1267 603 quicquid
1285 559 1435 592 infixum
1454 562 1489 592 et
1506 559 1710 603 ingenitum

158 613 221 650 est,
248 609 383 643 lenitur
409 612 502 650 ante,
531 620 603 642 non
629 609 798 642 vincitur.

255 658 308 691 15.
337 656 570 700 Quaerere
608 659 643 689 et
683 656 896 689 invenire
929 654 1115 688 contraria
1147 653 1193 688 cf.
1220 652 1340 687 Plaut.
1375 652 1470 687 Rud.
1496 651 1569 687 III.
1605 653 1707 694 [5‚.·-35.

159 702 241 737 Sen.
276 704 320 737 de
353 704 494 748 provid.
522 702 593 737 III.
631 703 662 742 4,
687 704 716 737 5.
768 702 824 736 De
852 702 1033 736 sententia
1059 701 1103 735 cf.
1132 701 1216 735 Seu.
1244 700 1356 734 Herc.
1382 700 1467 733 Fur.
1495 701 1575 734 3⁴27.
1603 712 1709 743 quem

157 761 264 794 saepe
289 751 421 784 transit
446 762 558 790 casus,
587 750 780 793 aliquando
799 750 951 784 invenit.
1002 748 1099 783 Sent.
1120 748 1210 781 falso
1229 749 1325 781 inter
1343 746 1450 782 Publ.
1470 750 1604 790 recept.
1624 748 1703 781 295.

253 798 307 832 17.
336 798 510 832 Miserum
536 801 590 831 est
615 797 751 831 frustra
778 797 935 840 cuipiam
962 807 1107 839 operam
1134 798 1330 839 praestare.

255 845 309 879 18.
339 846 387 887 „C
399 845 468 878 uiu
479 856 493 877 s
513 844 804 888 monosyllabum
819 848 883 883 est,
900 847 939 876 ut
958 843 1092 887 passim
1107 843 1204 886 apud
1220 842 1285 875 hos
1301 842 1522 885 3011010183·-
1538 841 1709 883 Bothius,

156 893 229 925 noh
261 896 382 926 tamen
407 892 503 936 apud
531 891 728 925 Publilium
754 903 831 925 esse
859 891 964 924 duco.
1014 889 1069 923 De
1097 889 1277 923 sententia
1304 889 1349 922 cf.
1377 888 1499 923 Plaut.
1526 888 1633 932 Epid.
1662 887 1709 921 V.

157 939 189 979 2,
206 939 260 973 52.
288 939 350 972 sed
376 942 416 972 ut
440 939 611 973 acerbum
637 942 702 979 est,
728 950 795 982 pro
825 938 916 971 bene
940 938 1045 971 factis
1065 948 1147 970 cuin
1164 937 1251 970 mali
1270 947 1425 970 messem
1443 940 1570 969 metas.
1622 935 1707 969 Vid.

156 985 262 1020 Fabr.
288 998 344 1029 ap.
372 986 462 1021 Zell.
489 998 523 1030 p.
551 986 605 1021 82.
634 998 665 1020 V.
694 987 771 1020 351.
799 989 835 1019 et
860 985 1058 1018 Kremsier.
1094 996 1128 1028 p.
1157 987 1210 1019 61.
1238 995 1270 1016 ν.
1299 983 1377 1018 648.
1428 982 1548 1016 Plaut.
1575 982 1708 1016 Bacch.

156 1032 231 1068 III.
258 1033 289 1073 2,
312 1035 364 1068 w.
399 1044 483 1066 nam
508 1034 571 1077 pol
597 1033 741 1076 quidem
766 1044 846 1067 meo
873 1033 993 1066 animo
1019 1032 1164 1075 ingrato
1192 1031 1337 1066 homine
1364 1030 1455 1063 nihil
1482 1030 1708 1073 impensiust.

158 1079 240 1113 Sen.
268 1080 311 1114 de
336 1081 397 1115 vit.
425 1081 519 1115 beat.
547 1079 692 1114 XXIV.
723 1082 750 1114 1.
779 1083 876 1113 errat
904 1080 933 1112 si
959 1079 1038 1122 quis
1067 1079 1255 1112 existimat
1282 1078 1427 1111 facilem
1455 1089 1530 1111 rem
1550 1088 1627 1111 esse
1646 1077 1708 1111 do-

156 1139 260 1161 nare:
293 1128 491 1171 plurimum
525 1128 593 1161 ista
625 1139 682 1161 res
718 1127 827 1161 habet
859 1126 1105 1165 difficultatis,
1143 1126 1172 1159 si
1206 1125 1313 1159 modo
1345 1125 1497 1159 consilio
1522 1124 1707 1163 tribuitur,

155 1185 229 1208 non
255 1186 341 1208 casu
368 1178 403 1208 et
428 1175 569 1218 impetu
594 1175 788 1218 spargitur.
818 1174 861 1207 de
888 1173 1005 1207 benef.
1040 1172 1122 1207 VII.
1150 1174 1204 1213 213,
1221 1174 1252 1206 2.
1281 1173 1335 1212 27,
1352 1172 1383 1206 3.

250 1222 305 1257 20.
332 1221 388 1255 De
416 1222 596 1255 sententia
622 1221 666 1255 cf.
695 1221 813 1256 Plaut.
840 1220 940 1255 Pers
969 1219 1042 1255 III.
1074 1222 1102 1259 1,
1123 1221 1177 1254 27.
1205 1223 1320 1263 pater,
1348 1219 1534 1253 hominum
1560 1219 1707 1252 immor-

157 1269 240 1302 talis
267 1272 323 1302 est
348 1268 506 1309 infamia,
535 1269 644 1302 etiam
671 1272 749 1302 tum
774 1269 874 1309 vivit,
901 1278 984 1300 cum
1010 1278 1087 1300 esse
1115 1268 1241 1300 credas
1268 1270 1459 1301 mortuam.

251 1318 306 1350 21.
334 1315 440 1349 Hanc
467 1327 591 1349 versus
619 1316 837 1349 sententiam
864 1326 941 1348 esse
970 1319 1058 1358 puto
1085 1326 1194 1347 unum
1212 1314 1370 1357 quidque
1387 1313 1538 1357 perinde
1556 1316 1708 1356 tangere

157 1366 193 1396 et
219 1362 374 1403 afficere,
404 1367 441 1396 ut
467 1363 695 1407 voluptatem
723 1362 869 1404 afferat,
906 1373 978 1395 non
1005 1373 1081 1395 rem
1108 1373 1151 1395 ex
1179 1373 1241 1395 suo
1268 1372 1447 1404 quamque
1471 1360 1610 1404 pretio,
1646 1360 1709 1393 sed

157 1421 200 1444 ex
231 1421 272 1443 ea
305 1410 510 1453 voluptate.
546 1422 651 1453 quam
678 1410 806 1453 cuique
833 1410 971 1453 pariat,
1009 1409 1203 1453 ponderari
1229 1408 1356 1442 solere.
1407 1406 1599 1441 Sententia
1625 1418 1709 1440 sane

157 1468 200 1490 ex
217 1456 492 1501 Epicureorum,
520 1461 560 1490 ut
583 1457 722 1500 opinor,
750 1457 914 1500 profecta
934 1456 1138 1499 disciplina,
1158 1467 1224 1489 nec
1243 1466 1330 1489 vero
1349 1455 1431 1488 ideo
1450 1454 1706 1498 improbanda!

158 1503 369 1547 Quidvis,
398 1504 494 1547 quod
520 1515 586 1547 pro
604 1516 689 1547 quo
702 1504 725 1537 d
751 1505 793 1537 vi
815 1504 970 1547 reposui,
999 1503 1217 1536 substantivi
1236 1503 1315 1536 loco
1335 1503 1493 1546 positum
1511 1512 1592 1534 cum
1610 1501 1707 1545 apud

156 1555 295 1585 ceteros
328 1551 462 1595 probae
494 1555 603 1584 notae
639 1551 834 1595 scriptores
863 1550 954 1591 (Cic.
985 1549 1088 1583 Verr.
1116 1549 1167 1583 II.
1195 1550 1225 1590 3,
1246 1551 1297 1584 is.
1348 1549 1450 1583 Caes,
1477 1548 1554 1583 BG.
1582 1547 1648 1581 IV.
1676 1549 1708 1582 2.

156 1597 251 1633 Plin.
279 1597 363 1633 NH.
390 1597 442 1631 II.
470 1599 524 1635 71,
541 1599 595 1633 73.
627 1598 814 1633 XXVIII.
843 1600 874 1639 9,
891 1598 963 1641 37.)
989 1601 1067 1630 turn
1101 1609 1186 1630 vero
1220 1596 1317 1640 apud
1349 1597 1506 1630 comicos
1540 1596 1707 1638 frequen-

156 1645 336 1679 tissimum
363 1649 417 1679 est
443 1645 486 1679 cf.
514 1645 631 1678 Plaut.
660 1645 735 1680 Mil.
762 1645 814 1679 II.
841 1645 872 1684 4,
889 1646 919 1679 ὃ.
959 1643 1031 1679 III.
1063 1645 1184 1685 1,1ἶ)2.
1224 1644 1327 1678 Asin.
1355 1642 1430 1678 III.
1458 1643 1559 1683 3,((11.
1603 1642 1705 1676 Pers.

155 1692 222 1726 IV.
255 1693 358 1733 4‚5‹3.
410 1691 518 1726 Poen.
552 1692 582 1726 I.
617 1693 718 1732 3528.
769 1692 874 1725 Truc.
907 1691 975 1724 IV.
1010 1692 1041 1731 4,
1059 1694 1112 1725 31.
1154 1691 1198 1724 V.
1234 1692 1288 1725 32.
1339 1690 1422 1724 Ter.
1455 1689 1590 1724 Heaut.
1630 1689 1701 1723 III.

157 1741 187 1781 1,
201 1739 257 1774 40.
277 1739 331 1774 60.
357 1739 423 1774 IV.
442 1741 469 1780 1,
485 1740 540 1774 28.
555 1740 586 1779 8,
606 1740 657 1775 17.
686 1739 731 1775 V.
751 1741 777 1781 1,
794 1741 825 1774 3.
854 1739 944 1773 Eun.
964 1738 992 1771 I.
1011 1741 1042 1773 2.
1059 1739 1113 1773 97.
1141 1738 1288 1773 Ρ1101·111.
1304 1737 1377 1771 ΠΙ.
1395 1738 1426 1777 3,
1443 1738 1499 1772 26.
1519 1736 1586 1772 IV.
1606 1738 1633 1777 1,
1646 1737 1701 1771 28.

155 1787 272 1820 Andr.
299 1786 349 1821 II.
378 1787 408 1826 3,
425 1787 456 1822 6.
501 1786 542 1821 V.
570 1788 600 1827 3,
617 1788 672 1822 26.
700 1788 755 1822 31.
807 1786 935 1820 Codici
968 1786 1115 1829 quidem
1140 1785 1169 1819 F
1204 1786 1271 1819 etsi
1309 1785 1431 1828 quod
1466 1784 1612 1818 exhibet
1647 1784 1707 1828 (cf.

157 1833 357 1868 Woelfflin.
382 1833 528 1877 Proleg.
554 1846 588 1878 p.
617 1835 689 1879 54.)
721 1838 844 1868 tamen
875 1844 920 1866 ne
954 1833 991 1866 in
1017 1833 1072 1866 his
1099 1833 1246 1876 quidem
1273 1835 1374 1866 certa
1401 1831 1489 1866 fides
1516 1834 1590 1866 est:
1622 1842 1708 1864 113111

155 1881 253 1915 idem
278 1880 381 1914 Publ.
409 1881 444 1915 A
470 1882 524 1916 26.
557 1893 622 1925 pro
650 1881 760 1924 quid
790 1881 941 1925 praebet
974 1881 1104 1923 quod.
1156 1879 1231 1914 Nec
1268 1891 1351 1913 raro
1390 1879 1460 1912 duo
1500 1879 1701 1912 sententiae

155 1928 317 1962 membra
351 1928 532 1972 particula
565 1932 613 1962 ut
647 1929 743 1962 inter
777 1940 813 1962 se
847 1928 899 1961 ita
930 1928 1218 1971 coniunguntur,
1254 1931 1295 1960 ut
1328 1927 1421 1960 sicut
1453 1926 1609 1959 alterum
1643 1929 1706 1965 est,

158 1975 312 2009 alterum
343 1986 380 2008 se
406 1975 541 2009 habere
568 1976 724 2015 dicatur,
760 1978 800 2008 ut
834 1975 929 2019 apud
956 1973 1075 2008 Plaut.
1103 1973 1234 2009 Pseud.
1263 1973 1314 2008 II.
1353 1974 1427 2014 1‚4.
1463 1985 1520 2006 res
1556 1973 1708 2016 perinde

158 2025 258 2062 sunt,
293 2026 340 2055 ut
373 2034 475 2067 agas,
510 2026 555 2056 ut
587 2034 646 2056 eas
681 2023 805 2066 magni
839 2022 962 2055 facias,
1013 2021 1092 2056 Ter.
1121 2021 1254 2055 Heaut.
1288 2021 1317 2056 I.
1345 2021 1449 2060 2,2l.
1484 2024 1590 2063 atque
1616 2020 1706 2053 haec

160 2069 311 2112 perinde
338 2073 431 2109 sunt,
459 2072 506 2102 ut
532 2069 629 2103 illius
657 2071 807 2109 animus,
836 2069 895 2112 qui
922 2080 961 2102 ea
988 2069 1152 2112 possidet
1177 2069 1259 2104 coll.
1286 2068 1404 2102 Plaut.
1424 2067 1531 2111 Epid.
1555 2066 1583 2100 I.
1605 2068 1634 2107 1,
1650 2067 1706 2101 47.

157 2115 268 2149 Poen.
297 2115 370 2149 ΠΙ.
399 2117 430 2156 5,
448 2116 479 2149 9.
514 2116 626 2151 Bacli.
653 2116 721 2151 IV.
749 2117 780 2157 4,
803 2118 852 2151 13.
880 2116 1003 2160 Quint.
1032 2115 1099 2150 VI.
1126 2116 1229 2155 4,19.
1257 2115 1328 2149 XI.
1358 2116 1383 2155 l,
1401 2116 1455 2150 66.
1496 2114 1706 2148 Sententiae

155 2162 385 2196 I’ublilianae
405 2164 492 2196 satis
511 2163 647 2197 multae
666 2164 908 2203 inveniuntur,
937 2166 975 2196 ut
994 2163 1091 2206 apud
1109 2162 1225 2196 Plaut.
1244 2162 1354 2197 Mero.
1374 2161 1425 2197 II.
1446 2164 1476 2201 3,
1496 2162 1552 2196 23.
1572 2161 1626 2195 24.
1646 2161 1707 2194 ubi

155 2209 381 2253 voluptatem
396 2210 585 2253 aegritudo
600 2211 732 2251 vincat,
748 2210 834 2253 quid
848 2210 898 2243 ibi
912 2210 1007 2243 inest
1021 2209 1187 2243 amoeni?
1205 2209 1324 2243 Plaut.
1340 2208 1445 2243 True.
1458 2208 1501 2242 V.
1513 2209 1569 2242 40.
1581 2219 1705 2241 omnes

156 2256 320 2291 homines
347 2257 392 2291 ad
419 2269 523 2290 suum
549 2261 738 2301 quaestum
764 2258 900 2290 callent
926 2260 961 2291 et
987 2257 1190 2290 fastidiunt.
1230 2256 1311 2291 Ter.
1337 2256 1471 2290 Heaut.
1499 2254 1571 2289 III.
1599 2256 1630 2295 3,
1650 2256 1706 2290 20.

157 2304 325 2337 omnibus
360 2304 464 2338 nobis
498 2309 536 2338 ut
568 2316 623 2339 res
651 2305 738 2339 dant
766 2316 861 2345 sese,
895 2305 948 2337 ita
973 2305 1096 2348 magni
1122 2308 1231 2347 atque
1258 2304 1412 2337 humiles
1439 2314 1572 2337 sumus,
1622 2301 1705 2336 Sen.

156 2350 200 2384 de
225 2351 267 2384 ir.
293 2350 322 2384 I.
352 2352 404 2392 19,
427 2353 455 2385 1.
484 2352 654 2385 irascitur
680 2349 827 2385 veritati
860 2352 940 2395 ipsi,
975 2352 1006 2385 si
1037 2355 1165 2385 contra
1190 2351 1417 2395 voluptatem
1442 2354 1506 2384 est.
1537 2361 1592 2393 ep.
1620 2349 1705 2384 XV.

164 2399 183 2432 3
209 2398 287 2442 (95)
320 2399 375 2433 33.
410 2398 579 2442 voluptas
614 2410 657 2432 ex
684 2399 782 2432 omni
808 2399 1004 2442 quaeritur.
1032 2410 1088 2442 ep.
1115 2398 1221 2434 XIX.
1249 2400 1268 2433 ’7
1296 2398 1396 2439 (116)
1422 2398 1453 2432 3.
1480 2397 1706 2440 voluptatem

160 2448 290 2478 natura
320 2446 532 2479 necessariis
568 2447 675 2480 rebus
706 2445 916 2485 admiscuit,
952 2457 1024 2478 non
1050 2449 1089 2478 ut
1116 2446 1215 2479 illam
1242 2440 1464 2489 peteremus,
1499 2445 1562 2478 sed
1587 2447 1627 2477 ut
1653 2455 1704 2484 ea,

157 2492 232 2525 sine
264 2492 392 2535 quibus
427 2503 498 2526 non
536 2504 724 2537 possumus
750 2493 890 2534 vivere,
922 2493 1084 2536 gratiora
1112 2493 1218 2526 nobis
1244 2492 1340 2526 illius
1366 2493 1503 2526 faceret
1529 2491 1703 2525 accessio:

162 2538 223 2584 [si]
257 2550 321 2572 suo
347 2539 468 2573 veniat
494 2540 588 2580 iure,
623 2540 766 2573 luxuria
800 2544 864 2574 est.
891 2551 947 2583 ep.
973 2539 1057 2575 XX.
1086 2541 1105 2574 6
1132 2541 1232 2584 (123)
1263 2540 1314 2574 12.
1351 2544 1485 2582 quanto
1513 2539 1625 2572 satius
1652 2542 1705 2571 est

162 2589 301 2619 rectum
327 2587 427 2630 sequi
454 2587 606 2620 limitem
633 2591 667 2620 et
694 2598 735 2621 eo
762 2598 799 2621 se
824 2587 1033 2630 perducere,
1061 2591 1100 2620 ut
1127 2599 1170 2621 ea
1195 2587 1341 2620 denium
1363 2587 1435 2620 sint
1453 2585 1521 2619 tibi
1538 2585 1703 2623 iucunda,

161 2643 250 2674 quae
275 2632 452 2667 honesta?
479 2634 524 2667 ad
550 2633 662 2669 Marc.
691 2634 734 2667 de
761 2633 896 2668 consol.
923 2633 1029 2668 XIX.
1065 2635 1094 2669 1.
1130 2635 1253 2678 opinio
1289 2637 1342 2667 est
1376 2645 1480 2677 ergo,
1517 2643 1607 2676 quae
1640 2643 1704 2665 1103

160 2679 297 2713 cruciat
322 2684 358 2713 et
383 2681 476 2714 tanti
502 2681 669 2724 quodque
696 2681 830 2714 malum
857 2683 922 2721 est,
949 2681 1075 2724 quanti
1099 2681 1190 2715 illud
1215 2681 1427 2714 taxavimus.

255 2727 310 2761 22.
337 2726 420 2760 Non
447 2727 564 2761 solum
589 2728 633 2762 de
659 2729 767 2762 rebus
792 2728 884 2761 raris
911 2730 947 2761 et
972 2727 1112 2762 curiose
1137 2727 1351 2769 elaboratis,
1389 2726 1537 2770 poculis,
1565 2725 1704 2770 sigillis,
