1967 3090
877 169 931 173 ,-.
993 147 1018 186 4
1083 170 1135 171 VI

208 258 435 305 ¹Romanos
479 262 627 303 eruditi
663 262 931 310 habebantur,
972 264 1061 302 tum
1103 261 1208 315 apud
1242 261 1413 302 Senecas
1456 262 1498 302 et
1538 264 1698 314 patrem
1740 263 1780 303 et

233 329 363 369 tilium
405 340 562 368 summa
597 327 761 368 valebat
803 327 939 380 gratia
984 328 1025 367 et
1068 326 1325 367 auctoritate.
1396 325 1509 376 Quod
1551 327 1686 367 nescio
1730 339 1781 368 an

232 394 365 446 magis
410 393 586 441 mireris,
632 391 737 445 quod
782 391 1016 434 Publilium.
1062 392 1142 432 etsi
1185 392 1331 432 mimos
1375 391 1637 443 scriptitavit,
1681 391 1783 432 nihil

235 460 370 499 tamen
426 458 512 510 ipse
558 457 705 510 scripti
749 458 819 497 aut
859 455 902 496 in
943 455 1091 508 vulgus
1125 455 1254 496 edidit
1296 456 1366 497 aut
1408 455 1459 496 ad
1499 456 1783 509 posteritatem

232 520 529 576 propagavitfi)
596 521 760 562 Scilicet
803 521 1094 574 spectabantur
1137 520 1178 561 iu
1218 520 1378 562 theatro
1411 521 1528 561 mimi
1563 519 1641 569 illi,
1685 533 1782 575 quos

234 587 319 640 ipse
362 586 530 627 docebat
573 586 894 639 mimographus,
938 587 980 626 et
1022 585 1163 626 breves
1206 586 1248 626 et
1291 587 1432 631 acutae
1475 586 1704 626 sententiae
1737 597 1783 627 ex

234 650 315 692 illis
364 651 475 692 velut
521 651 675 692 lumina
724 651 982 704 erumpentes
1031 652 1116 691 tam
1161 650 1321 691 attente
1367 650 1690 703 excipiebantur,
1738 651 1785 692 ut

234 728 352 769 saepe
396 717 507 757 totus
550 716 824 769 spectantium
868 727 1079 756 consessus
1125 714 1269 768 plausu
1313 716 1561 756 consentiret
1603 717 1643 757 et
1686 728 1780 757 con-

235 783 410 823 sonaret.
476 782 615 834 ltaque
657 780 873 835 pleraeque
918 780 1076 834 lepidae
1109 782 1149 821 et
1181 780 1232 821 ad
1265 792 1522 821 communem
1555 774 1802 822 sermonum¹

234 858 352 886 usum
385 846 783 887 commodatissimae
817 845 964 886 animis
998 845 1281 899 mentibusque
1312 844 1531 886 mandatae
1562 847 1609 886 ut
1639 847 1785 899 poetae

235 911 529 963 sapientissimi
571 913 790 964 praecepta
827 923 849 951 a
883 910 1154 951 disertissimo
1196 922 1353 963 quoque
1396 912 1437 951 et
1477 910 1784 964 promptissimo

234 976 538 1025 retinebantur,
584 976 677 1017 data
719 975 928 1017 occasione
966 975 1244 1024 iactabantur,
1289 975 1330 1016 in
1371 975 1582 1016 hominum
1625 974 1786 1016 circulis

235 1040 638 1088 circumferebantur,
673 1042 718 1081 ut
750 1053 825 1081 usu
846 1040 958 1081 venit
991 1040 1179 1081 omnibus
1213 1040 1394 1081 omnium
1427 1041 1609 1081 aetatum
1640 1040 1785 1094 poetis,

236 1117 403 1158 quorum
437 1105 618 1146 carmina
650 1118 729 1146 non
760 1105 891 1146 solum
921 1105 1108 1146 veritatis
1131 1105 1296 1153 viribus,
1330 1104 1400 1146 sed
1433 1105 1627 1146 orationis
1660 1105 1787 1146 etiam

235 1182 575 1222 numerorumque
608 1171 821 1211 venustate
854 1170 1009 1211 animos
1042 1169 1194 1210 feriunt
1226 1171 1268 1210 et
1300 1170 1578 1211 commovent]

354 1234 431 1275 Sed
464 1234 568 1287 quod
601 1236 659 1275 ita
690 1234 737 1275 fit
767 1234 1017 1287 plerumque,
1060 1236 1106 1275 ut
1138 1247 1241 1288 quae
1274 1247 1320 1275 ex
1352 1235 1599 1275 carminibus
1630 1247 1787 1276 memo-

236 1300 335 1340 riter
381 1299 610 1340 referantur
652 1298 716 1340 vel
762 1300 1009 1348 recitentur,
1054 1312 1100 1340 ea
1141 1298 1193 1349 ad
1235 1300 1389 1340 certam
1431 1300 1574 1353 scripti
1616 1299 1788 1353 exempli

235 1377 420 1406 normam
443 1364 799 1406 accommodentur
821 1378 867 1405 ac
899 1364 1148 1417 dirigantur:
1183 1364 1225 1405 id
1257 1377 1278 1406 e
1310 1365 1512 1406 contrario
1544 1365 1587 1405 111
1618 1364 1788 1406 Publilii

237 1430 453 1470 sententiis
487 1429 669 1470 evenisse
703 1429 898 1470 videmus.
961 1429 1094 1471 Multo
1138 1430 1246 1470 enim
1276 1430 1513 1484 priusquam
1543 1430 1663 1470 huius
1696 1442 1787 1471 sen-

234 1495 386 1535 tentiae
418 1493 571 1535 litteris
606 1494 929 1547 designarentur,
975 1507 1069 1535 cum
1100 1495 1142 1535 in
1174 1495 1385 1536 hominum
1417 1507 1483 1537 ore
1515 1496 1787 1544 versarentur,

233 1559 322 1599 fieri
364 1572 443 1599 non
485 1560 632 1612 potuit,
673 1559 768 1612 quin
800 1560 1019 1600 memoriae
1052 1559 1337 1600 imbecillitate
1370 1573 1420 1600 an
1453 1560 1580 1600 animi
1608 1559 1789 1600 lubidine

234 1624 398 1676 coeptae
442 1624 525 1664 sint
566 1625 719 1665 mutari
762 1637 809 1664 ac
841 1624 1003 1665 variari.
1069 1624 1192 1665 Cuius
1235 1623 1399 1677 quidem
1439 1625 1499 1665 rei
1534 1624 1789 1665 luculentum

234 1688 465 1742 exemplum
495 1689 571 1729 hoc
605 1689 740 1730 afferri
772 1689 887 1737 solet,
923 1688 1028 1742 quod
1061 1688 1213 1730 Seneca
1244 1687 1421 1740 rhetor-⁶)
1453 1701 1616 1731 versum
1648 1689 1789 1730 Publi-

234 1752 390 1794 lianum
422 1752 454 1794 J
474 1755 496 1796 T
521 1753 645 1809 (2536)
679 1754 737 1795 sic
769 1754 968 1808 scriptum
999 1754 1262 1807 pronuntiat:

547 1830 706 1871 Desunt
726 1829 907 1871 luxuriae
929 1830 1074 1881 multa,
1108 1830 1305 1873 avaritiae
1333 1831 1469 1873 onmia

237 1906 389 1947 Seneca
414 1904 720 1960 philosophus7)
753 1906 935 1948 luxuriae
967 1908 1129 1949 nomine
1160 1909 1318 1949 mutato
1350 1908 1409 1949 sic
1436 1907 1600 1949 laudat:

548 1981 708 2023 Desunt
729 1983 889 2037 inopiae
917 1983 1062 2033 multa,
1098 1985 1296 2026 avaritiae
1329 1985 1463 2026 omnia

235 2059 364 2100 nostri
396 2060 546 2108 autem,
581 2060 727 2112 quibus
760 2060 930 2101 Publilii
963 2062 1192 2102 sententiae
1225 2061 1358 2103 editae
1391 2061 1662 2119 continentur,
1695 2060 1790 2102 libri

236 2123 408 2164 eundem
438 2136 601 2165 versum
644 2124 701 2165 sic
734 2125 947 2166 exhibent:

548 2200 711 2254 Inopiae
745 2201 892 2242 desunt
923 2201 1067 2252 multa,
1101 2203 1297 2244 avaritiae
1330 2203 1477 2247 omnia.

356 2276 611 2330 Quamquam
642 2278 772 2331 igitur
795 2277 1042 2320 Senecarum
1073 2280 1116 2320 in
1148 2280 1225 2321 hoc
1256 2293 1376 2321 versu
1404 2280 1606 2322 afferendo
1639 2279 1791 2322 discre-

236 2341 374 2394 pantia
416 2342 459 2382 in
502 2354 592 2383 eam
625 2344 871 2384 sententiam
904 2344 1098 2397 explicari
1129 2347 1277 2398 potest,
1311 2346 1358 2385 ut
1390 2344 1593 2398 duplicem
1626 2346 1792 2386 senten—

238 2407 339 2446 tiam
362 2405 488 2447 fuisse
522 2406 745 2456 credamus,
780 2421 881 2461 quae
903 2409 1117 2450 Ribbeckii
1140 2409 1353 2463 explicatio
1387 2412 1471 2451 est:
1505 2410 1641 2450 tamen
1669 2409 1792 2450 tertia

237 2470 308 2511 illa
340 2483 480 2512 versus
513 2472 765 2525 compositio,
800 2486 900 2526 quae
932 2474 975 2513 in
1007 2474 1159 2515 nostris
1191 2474 1306 2516 libris
1339 2474 1532 2523 cernitur,
1567 2473 1791 2515 sententias

238 2535 493 2577 Publilianas
515 2537 660 2589 probat
691 2538 866 2579 novandi
898 2539 1055 2592 copiam
1085 2541 1318 2593 promptam
1348 2552 1395 2581 ac
1428 2538 1593 2581 facilem
1626 2551 1671 2580 eo
1703 2550 1792 2579 esse

363 2653 392 2691 ⁵)
419 2652 501 2687 Sen.
529 2664 582 2697 ep.
610 2653 694 2688 XV.
723 2655 742 2688 2
771 2655 849 2699 (94)
877 2655 932 2689 ¹20¹.
959 2656 1014 2691 43.
1042 2655 1191 2690 XVIII.
1220 2657 1239 2691 5
1266 2655 1364 2699 (los)
1392 2656 1423 2690 8.
1447 2656 1478 2690 9.
1508 2654 1563 2690 Cf.
1589 2653 1791 2690 Woelfflin.

240 2698 335 2733 Phil.
362 2698 489 2733 XXII.
517 2712 550 2743 p.
578 2701 657 2735 445.
684 2700 828 2746 Proleg.
855 2714 889 2745 p.
916 2704 968 2737 11.

361 2749 392 2783 ὅ)
421 2746 503 2781 Sen.
530 2747 701 2781 Controv.
727 2748 800 2782 III.
831 2751 880 2783 18.
910 2761 943 2793 p.
972 2750 1050 2785 22?
1078 2749 1132 2785 ed.
1160 2749 1242 2794 Bip.

365 2793 392 2837 ⁷)
420 2793 501 2829 Seu.
529 2806 584 2838 ep.
612 2793 761 2829 XVIII.
789 2797 809 2829 Ξ)
835 2797 936 2841 (7108)
962 2798 992 2832 O.
