1967 3090
787 100 1110 142 —247—

169 216 301 250 dentur
326 216 486 250 maiora!
526 215 680 259 denique
707 219 745 248 ut
774 214 846 248 illis
874 215 1020 248 fortuna
1047 214 1137 247 nihil
1164 213 1346 255 detrahat,
1375 213 1545 258 quicquid
1572 225 1645 247 non
1671 214 1732 249 ad-

169 263 336 307 quiritur,
366 263 541 297 damnum
568 266 634 296 est.
687 261 741 297 Cf.
770 260 875 296 Publ.
904 262 939 295 A
967 262 1021 296 55.

264 311 319 345 23.
336 309 500 344 Tiberius
517 310 766 343 Coruncamus
791 308 1040 343 avidissimum
1055 319 1231 351 quemque
1246 309 1557 353 egestosissimum
1575 307 1729 342 dicebat.

264 369 298 401 p.
326 358 380 391 2-3.
407 356 506 392 Mon.
535 355 624 391 XII.
653 357 683 390 2.
712 355 765 389 Cf.
795 355 895 390 Sent.
923 355 1018 388 falso
1046 355 1142 388 inter
1168 354 1274 390 Publ.
1302 359 1438 399 recept.
1467 355 1522 390 31.

264 404 319 438 24.
347 403 403 437 De
430 403 543 437 barba
570 403 755 447 tangenda
784 402 976 446 Lysander
1002 402 1260 446 interrogatus,
1289 414 1351 436 cur
1377 403 1551 436 maiorem
1577 401 1728 435 barbam

169 451 328 485 libenter
361 450 558 492 habuisset,
597 449 805 494 respondit:
850 448 899 483 Ut
927 448 1081 482 subinde
1109 459 1187 482 eam
1213 448 1398 493 tangendo
1425 449 1543 482 virum
1569 460 1627 482 me
1655 459 1731 483 esse

167 497 417 532 meminerim.

264 557 298 589 p.
326 545 383 579 QG.
409 543 511 580 Mon.
539 543 645 579 XIX.
676 545 706 578 1.
734 542 787 577 Cf.
815 542 902 578 s'od.
929 542 1179 595 Lindenbrog.
1206 554 1239 587 p
1272 544 1311 577 15
1338 544 1429 587 (12).

264 593 319 627 2ῐ).
347 591 391 625 Ι11
410 591 508 626 bello
528 602 681 635 corpora
699 590 890 624 hominum
917 589 1060 633 gladiis
1088 589 1126 623 in
1153 601 1242 633 pace
1260 589 1509 634 voluptatibus
1536 590 1731 624 vulnerari.

263 651 297 683 p.
325 640 380 674 233.
407 637 504 673 Mon.
530 637 611 672 XL
643 638 674 673 4.
695 637 748 672 CR
769 635 869 672 Sent.
898 636 991 670 falso
1010 637 1106 670 mter
1122 635 1227 672 Publ.
1255 641 1391 681 recept
1420 638 1463 672 32
1504 636 1731 671 Sententiam

169 684 348 720 Caesaris.
377 686 541 727 cremium
568 683 858 737 triumphatoris
888 695 964 718 esse
991 687 1098 727 putat
1132 683 1186 719 Io.
1215 682 1357 718 Saresb.
1384 683 1517 718 Policr.
1547 685 1577 718 4.
1606 684 1637 718 3.

264 734 319 768 26.
346 731 577 776 Principium
604 731 787 765 amicitiae
816 734 869 764 est
897 730 988 765 bene
1021 730 1131 774 loqui.

263 791 297 824 p.
325 780 380 814 ⁴25.
407 778 507 814 Mon.
536 777 620 813 XV.
651 778 705 812 13.

263 826 489 870 Principium
524 826 706 859 amicitiae
741 828 794 859 est
827 824 1066 868 beneloqu13
1106 824 1201 858 male
1237 825 1358 859 dicere
1393 824 1583 859 exordium
1616 824 1734 858 inimi-

169 873 350 908 citiarum.

268 932 301 964 p.
332 921 387 955 41.
415 919 498 955 Par.
527 921 581 955 61.
624 918 691 961 „V.
720 919 762 954 Β.
791 930 842 963 sp.
871 919 904 953 d.
933 920 963 959 6,
995 920 1047 953 14.
1075 918 1134 954 W.
1162 918 1204 954 B.
1232 918 1357 954 som-,⁴⁴
1382 919 1466 953 Wo.

267 969 321 1002 27.
351 966 519 1002 Socrates
557 967 670 1000 dixit:
706 965 745 1000 Si
770 966 862 1000 bene
890 967 1019 1010 egeris.
1059 966 1138 1010 ipse
1172 965 1241 1000 tibi
1275 977 1453 1010 personae
1479 966 1734 1000 auctoritatem

169 1014 285 1049 dabis,

264 1073 298 1106 p.
326 1062 382 1096 27.
418 1060 515 1096 Mon.
543 1060 671 1096 XXII.
711 1061 743 1096 3.
769 1061 886 1104 .p4¹2.
924 1060 1006 1095 Pa1.
1036 1061 1091 1095 79.
1120 1059 1190 1099 ..V
1217 1060 1259 1096 Β.
1287 1072 1329 1104 sp
1306 1072 1340 1104 p.
1366 1072 1412 1094 m.
1441 1062 1471 1095 3.
1501 1071 1530 1095 13.
1559 1061 1591 1096 2.
1619 1072 1671 1104 sp.
1699 1059 1732 1093 d.

169 1109 200 1149 5,
231 1110 262 1142 1.
289 1108 348 1143 W.
376 1108 418 1142 Β.
447 1107 545 1142 Socr.
568 1136 574 1142 .
596 1136 630 1143 ..
660 1108 890 1142 auxilium
916 1108 1041 1142 dabis.-
1035 1112 1054 1127 44
1096 1087 1180 1143 ΧΥο.
1207 1107 1293 1141 Hau
1295 1112 1346 1152 )t
1375 1107 1470 1143 Phil.
1498 1106 1572 1142 ΙΙΙ.
1599 1072 1731 1152 131377.

169 1167 202 1190 v.
232 1156 307 1190 17.:
334 1155 372 1189 Si
399 1156 491 1189 bene
518 1166 614 1199 ages,
644 1156 722 1199 ipse
749 1156 1010 1189 auctoiitatem
1037 1155 1104 1188 tibi
1131 1155 1247 1190 dabis.

264 1203 319 1237 ¹28.
346 1202 453 1236 Idem
479 1202 593 1235 dixit:
621 1201 796 1236 Inimicos
822 1213 922 1236 meos
948 1202 1170 1246 praestando
1197 1201 1412 1236 beneficium
1438 1205 1602 1246 torqueo.

263 1262 299 1294 p.
327 1250 382 1284 39.
410 1248 493 1284 Par.
522 1250 579 1284 22.
606 1249 901 1293 Epaminondam
929 1250 1131 1283 sententiae
1159 1253 1345 1283 auctorem
1372 1260 1450 1283 esse
1476 1250 1583 1284 docet
1608 1247 1691 1283 Wo.

263 1296 318 1332 20,
347 1295 468 1330 Julius
506 1295 640 1330 Caesar
676 1296 788 1329 dixit:
827 1296 1035 1340 Acceptum
1073 1295 1291 1330 beneficium
1330 1301 1499 1330 aeternae
1537 1296 1734 1330 memoriae

168 1343 404 1390 infigendum.

263 1403 298 1435 p.
325 1391 382 1424 41)
410 1389 494 1425 Par.
523 1391 578 1425 332.

267 1438 327 1473 30.
356 1437 562 1472 Simonides
590 1448 670 1470 cum
698 1437 1001 1481 interrogaretur.
1030 1437 1116 1480 quid
1142 1437 1238 1486 inter
1255 1437 1421 1472 homines
1440 1437 1629 1471 celerrime
1649 1448 1733 1471 con-

170 1489 387 1525 senesceret,
415 1484 652 1518 Beneficium.
679 1484 807 1527 inquit.

261 1543 296 1576 p
323 1532 377 1566 4⁴3.
394 1530 476 1566 Pai.
493 1532 547 1566 33.
577 1530 704 1572 „Idem
724 1531 768 1565 de
788 1531 992 1566 Aristotele
1009 1531 1125 1565 tradit
1144 1532 1252 1576 Diog
1271 1532 1395 1566 Laert.
1417 1531 1460 1564 V.
1492 1533 1518 1567 1.
1542 1531 1616 1565 132⁴
1639 1529 1710 1564 Wo
1691 1541 1723 1565 o.

265 1580 320 1613 31.
336 1579 510 1612 Amicum
524 1557 701 1612 blandum
716 1589 814 1616 cai-,e
831 1579 931 1613 cuius
947 1590 1110 1612 amarum
1129 1582 1185 1613 est
1203 1590 1356 1623 semper,
1377 1579 1474 1622 quod
1492 1578 1602 1612 fuerit
1618 1577 1735 1611 dulce.

265 1637 299 1670 p.
329 1626 384 1660 25.
411 1624 511 1659 Mon.
541 1624 627 1660 XV.
658 1626 710 1660 12.
739 1624 822 1661 ..W
849 1625 890 1659 Β.
918 1625 1126 1670 Τ11601111Υό4
1156 1626 1237 1661 ΧΥο

266 1674 323 1708 32.
352 1672 534 1706 Blandam
561 1672 657 1706 enim
685 1676 721 1705 et
748 1660 941 1706 seivientis
970 1676 1006 1707 et
1030 1673 1245 1717 impeiantis
1272 1673 1405 1707 debere
1432 1683 1520 1707 esse.

267 1731 302 1764 p.
331 1720 387 1755 32.
430 1719 530 1753 Mon.
565 1718 749 1754 XXXIX.
790 1721 821 1755 3.
849 1719 908 1753 W.
943 1720 985 1754 B.
1014 1719 1145 1755 Solon:
1185 1720 1276 1754 Esse
1315 1721 1516 1754 communis
1557 1719 1732 1753 sermonis

169 1766 353 1801 blanditia
389 1770 424 1800 et
452 1766 643 1800 serw'entis
679 1770 715 1800 et
740 1767 976 1801 blandientis.
1027 1766 1126 1801 Hinc
1154 1766 1388 1801 KVoelfflinus
1415 1771 1477 1801 aut
1505 1766 1735 1801 scribendum

168 1813 463 1848 blanditiam
497 1825 579 1847 cum
606 1813 663 1846 W.
691 1813 733 1848 B.
769 1818 831 1848 aut
857 1814 1036 1848 excidisse
1061 1814 1281 1848 vocabulum
1308 1814 1501 1857 quoddam,
1530 1813 1629 1847 velut
1655 1825 1732 1847 vo-

172 1872 289 1901 cem,
317 1861 652 1894 condicionem
679 1866 823 1894 censet:
869 1860 1067 1905 Scriptoris
1093 1861 1206 1895 verba
1233 1872 1301 1906 ego
1329 1861 1380 1895 sic
1406 1872 1562 1906 repono:
1602 1860 1734 1902 „Blan-

169 1907 256 1941 dum
284 1908 394 1942 etiam
419 1908 457 1941 in
484 1907 683 1941 servientes
711 1919 790 1942 esse
816 1908 1058 1951 imperantem
1085 1908 1252 1944 debere.‘·'

267 1955 323 1989 33.
360 1955 579 1989 Remedium
613 1955 793 1988 malorum
826 1954 951 1988 futura
978 1966 1060 1999 spes
1095 1960 1168 1990 est:
1208 1967 1276 1989 nec
1302 1955 1535 1989 innocentem
1562 1955 1733 1989 debilitat

170 2001 430 2036 conscientiam
449 2012 567 2035 causa.
596 2002 654 2035 cui
688 2001 726 2035 in
760 2001 923 2035 adversis
953 2003 1124 2036 solatium
1150 2005 1214 2043 est,
1241 2013 1316 2036 non
1343 2013 1404 2036 sua
1431 2003 1617 2036 meruisse.
1645 2013 1735 2044 quae

170 2048 320 2092 patitur,
350 2049 466 2092 culpa.

264 2101 345 2139 p.
375 2094 508 2131 ,Mon
537 2094 661 2130 XXV.
715 2093 822 2130 .Pro
848 2095 917 2129 fut
936 2107 1012 2129 ura
1040 2107 1143 2140 spes
1171 2096 1404 2131 scribendum
1430 2096 1592 2131 videtur:
1620 2095 1729 2129 boni

170 2141 321 2176 futuri
349 2145 489 2186 3133344

265 2190 322 2224 34.
350 2189 474 2223 Βο11113
502 2189 639 2222 amicus
665 2188 784 2223 laesus
811 2200 900 2234 giax
904 2201 958 2223 1113
985 2190 1165 2224 irascitur.

265 2248 299 2280 p.
328 2236 383 2271 25.
417 2235 516 2270 Mon.
544 2235 629 2271 ΧΥ.
669 2237 721 2270 15.
749 2235 808 2270 ΧΥ.
837 2235 877 2269 Β,
918 2236 1103 2281 Theophr.
1130 2237 1172 2271 Β.
1208 2237 1344 2271 amicus
1377 2248 1431 2282 gr.
1458 2237 1498 2270 ir.
1530 2236 1575 2270 V.
1603 2236 1644 2272 Β.
1681 2248 1733 2281 sp.

172 2283 206 2319 d.
233 2284 266 2324 4,
297 2284 374 2319 133.
404 2295 447 2317 ex
472 2294 572 2327 prov,
602 2294 675 2326 sap.
703 2282 745 2318 B.
773 2283 914 2317 animus
944 2284 967 2318 l.
995 2284 1133 2318 inultus
1160 2295 1194 2327 g.
1221 2285 1243 2319 i.
1271 2284 1325 2319 Cf.
1352 2283 1458 2318 Publ.
1489 2284 1516 2318 Β
1545 2284 1588 2318 10
1613 2284 1701 2329 (53).

269 2331 324 2365 35.
350 2329 474 2364 Bonus
500 2331 565 2370 vir,
595 2331 623 2363 si
650 2330 810 2373 optimus
838 2334 901 2371 est,
931 2331 1007 2365 suis
1036 2342 1073 2365 se
1101 2331 1242 2365 actibus
1268 2331 1421 2375 probat:
1449 2331 1530 2365 aliis
1549 2331 1644 2365 enim
1661 2343 1735 2365 non

171 2379 294 2420 potest
321 2388 399 2411 esse
425 2377 552 2411 bonus.
581 2377 641 2420 qui
669 2377 742 2410 suis
769 2377 805 2410 in
833 2388 870 2411 se
896 2378 1062 2411 moribus
1088 2378 1201 2413 fuerit
1226 2379 1354 2413 malus.

267 2435 302 2468 p.
331 2424 385 2459 27.
412 2423 510 2458 Mon.
539 2423 666 2458 XXII.
696 2425 727 2458 2
747 2422 806 2458 W.
825 2423 866 2457 B.
894 2424 1044 2469 Pythag
1115 2451 1122 2459 .
1145 2452 1152 2460 .
1181 2426 1254 2460 suis
1282 2437 1320 2459 se
1345 2425 1625 2469 aspectibus
1651 2436 1733 2469 pro-

170 2471 235 2505 bat
261 2474 350 2514 etqs.
390 2470 441 2505 Cf.
472 2470 574 2505 Sent.
601 2470 695 2504 falso
720 2451 818 2504 inter
844 2470 950 2507 Publ.
977 2483 1085 2516 recep
1087 2475 1113 2508 t.
1141 2473 1196 2508 44.

268 2518 324 2552 36.
353 2517 442 2552 Cum
470 2518 596 2552 amicis
622 2519 783 2551 rationes
810 2517 899 2552 brev
903 2529 950 2558 es,
978 2484 1158 2554 amicitias
1185 2519 1314 2564 longas
1343 2530 1421 2553 esse
1447 2522 1603 2563 oportet.

269 2576 304 2608 p.
332 2566 388 2599 25.
414 2564 514 2598 Mon.
541 2564 624 2599 XV.
656 2566 708 2600 10.
737 2576 772 2608 p.
799 2565 854 2598 41.
883 2564 966 2600 Par.
997 2566 1053 2601 56.
1094 2566 1321 2601 Sententiam
1349 2566 1393 2600 V.
1422 2566 1464 2602 B.
1494 2566 1645 2606 Socrati,
1674 2565 1733 2600 W.

174 2610 216 2645 Β.
243 2611 302 2645 vel
328 2610 418 2645 Soc:
421 2611 470 2645 at1
498 2612 553 2646 vel
582 2611 838 2655 Theophrasto
865 2612 1006 2646 tiibuit.

269 2658 324 2692 37.
361 2658 556 2692 Cleobulus
592 2658 696 2697 dixit.
736 2657 875 2693 Oaxere
910 2670 976 2692 nos
1013 2661 1213 2694 amicorum
1243 2660 1361 2704 magis
1395 2660 1586 2699 invidiam,
1627 2670 1734 2702 quam
