1967 3090
882 127 938 132 ——
1005 104 1086 146 188
1147 128 1202 132 -

366 222 414 255 16.
444 219 509 262 „In
535 220 641 254 rebus
668 219 774 252 malis
802 219 883 263 plus
912 220 1059 263 sapiunt
1088 218 1245 253 feminae
1271 230 1380 262 quam
1405 218 1507 253 viri.“
1545 218 1730 254 Erasmus.
1765 220 1820 258 Cf.

264 268 368 303 Publ.
396 267 430 301 D
458 268 479 302 S
505 268 617 308 (1301.
645 266 674 300 F
703 267 746 301 ⁴22
775 267 889 310 (187).
929 266 1009 301 Ter.
1029 266 1120 300 Hcc.
1149 265 1200 300 II.
1230 268 1259 307 1,
1281 266 1311 299 5.
1340 266 1371 299 6.
1398 266 1485 300 viris
1505 266 1691 301 adversari
1710 279 1822 311 aeque

263 316 420 349 studium
448 318 513 355 est,
542 314 670 348 similis
698 314 842 357 pertina
868 314 969 348 ciast.
1010 313 1054 347 In
1073 313 1272 357 eodemque
1299 324 1423 346 omnes
1441 313 1530 347 mihi
1548 314 1718 348 videntur
1735 315 1821 350 ludo

267 364 399 397 doctae
433 362 478 396 ad
513 362 704 396 malitiam.
755 360 866 405 Prop.
894 360 946 395 ΙΙ.
975 362 1005 396 7,
1035 362 1088 395 69.
1119 361 1172 394 Π).
1213 359 1286 394 Sed
1312 359 1417 393 vobis
1443 360 1552 394 facile
1579 364 1634 394 est
1660 365 1697 396 et
1724 374 1820 396 coni—

267 422 404 454 ponere
434 409 596 443 fraudes:
625 409 694 442 1100
721 420 831 442 unum
858 408 988 442 didicit
1013 408 1147 442 femina
1174 419 1317 451 semper
1343 419 1443 451 opus.

364 458 412 492 17.
441 456 479 490 Si
518 456 573 490 vel
600 456 777 490 librorum
805 457 987 500 scriptura
1025 456 1103 495 „ad
1138 455 1340 489 alienum
1383 461 1724 490 consuescerc“
1762 458 1821 492 vel

266 505 361 548 quod
389 504 549 538 editores
577 504 845 537 substituerunt
877 503 958 538 ..ad
987 503 1190 537 alienum
1218 502 1495 537 adsuescere
1520 506 1620 537 recte
1647 515 1684 538 se
1710 504 1820 539 habe·

263 557 364 587 rent:
392 552 515 586 nescio
543 562 589 584 an
617 551 773 584 alterum
798 554 919 585 utrum
944 551 1065 584 verbis
1093 550 1362 594 exprimeretur
1388 553 1451 583 aut
1477 549 1522 583 ad
1547 550 1703 584 alienam
1728 563 1821 586 rem

262 604 325 634 aut
359 599 404 633 ad
438 599 597 633 alienum
632 598 802 631 victum
837 598 1064 632 adsuescere.
1121 597 1213 630 Tum
1257 597 1335 630 fieri
1377 608 1449 630 non
1485 601 1610 641 posset
1641 599 1728 641 quin
1754 611 1820 643 pro

262 647 441 681 librorum
457 646 639 689 scriptura
653 657 706 678 vo
719 645 877 679 luntas
896 646 1164 680 adscisceretur
1178 644 1324 678 Erasini
1340 644 1415 678 sive
1439 645 1620 688 scriptura
1643 646 1717 680 sive
1736 658 1821 680 con-

263 696 400 729 iectura
417 706 437 727 v
449 706 468 724 n
481 694 491 727 l
504 697 585 737 upt
595 704 615 726 a
628 705 654 728 s.
682 692 761 736 Qua
781 697 931 736 recepta
946 694 1103 737 priorem
1122 692 1223 725 illam
1239 692 1345 727 viam.
1366 695 1404 725 ut
1419 692 1537 725 aliena
1551 703 1607 725 res
1630 692 1821 728 familiaris

262 742 549 785 intellegeretur,
566 741 748 785 ingressus
760 743 815 774 est
824 740 1059 780 Ribbeckius,
1076 752 1157 774 011111
1172 740 1278 773 docte
1289 742 1397 783 atque
1415 742 1519 773 acute
1531 739 1689 774 Senecae
1700 740 1820 775 locum

263 801 306 823 ex
333 789 427 823 libro
455 789 500 822 de
527 788 646 823 benef.
674 787 763 821 VII.
783 788 838 827 21,
867 790 898 821 2.
920 788 1076 827 afferret,
1105 788 1164 831 qui
1200 787 1245 820 ad
1280 787 1375 820 hunc
1401 798 1545 820 versum
1571 786 1819 822 Publilianum

263 837 380 870 factus
408 836 561 870 videtur.
613 835 695 869 Hoc
729 836 841 877 igitur
875 835 956 869 loco
990 835 1129 869 Seneca
1155 834 1442 879 Pythagoricum
1470 834 1650 877 quendam
1684 839 1821 878 narrat,

263 896 342 918 cum
372 883 487 916 sutori
514 894 679 916 nummos
707 882 851 916 debitos
880 882 1020 917 solvere
1046 895 1118 917 non
1146 882 1334 925 potuisset,
1363 881 1459 925 quod
1482 892 1598 925 nuper
1616 882 1732 916 elatus
1758 883 1821 917 ille

263 931 548 974 combustusque
574 933 680 971 esset,
714 931 785 963 iam
818 930 968 964 tacitam
1003 942 1076 964 non
1111 929 1288 963 reddendi
1325 929 1620 973 voluptatem
1654 930 1819 971 sensisse,

263 979 325 1013 sed
361 990 444 1011 mox
477 990 558 1012 cum
593 989 629 1011 se
667 977 964 1021 reprehendisset
990 989 1033 1011 ea
1058 977 1103 1011 de
1129 989 1179 1017 re,
1215 977 1365 1010 rediisse
1399 976 1445 1010 ad
1472 977 1604 1009 sutoris
1631 977 1821 1012 tabernam

264 1027 300 1060 in
328 1037 478 1069 eamque
504 1037 569 1069 per
596 1025 770 1059 clostrum
797 1028 971 1068 quattuor
997 1025 1166 1058 denarios
1193 1024 1387 1058 inseruisse
1413 1023 1511 1058 velut
1537 1024 1583 1057 ad
1610 1024 1821 1068 cupiditatis

263 1085 348 1107 suae
374 1084 539 1117 poenam,
568 1084 612 1106 ne
640 1073 793 1106 alieno
819 1072 1133 1106 adsuesceret.
1184 1070 1327 1114 Lepida
1361 1071 1509 1114 quidem
1540 1071 1632 1104 haec
1659 1075 1695 1105 et
1720 1072 1820 1106 lucu·

261 1121 361 1155 lenta
389 1121 562 1155 narratio.
591 1121 627 1153 111
646 1131 718 1163 qua
744 1119 831 1163 quid
849 1119 961 1152 verba
987 1130 1040 1152 ne
1067 1119 1229 1152 alieno
1257 1118 1561 1151 adsuesceret
1587 1118 1819 1153 1001101111οΙ-

261 1169 442 1212 legantur.
495 1167 623 1201 Voluit
650 1167 746 1200 enim
772 1167 880 1199 homo
907 1166 952 1199 ab
980 1178 1017 1199 se
1044 1170 1241 1210 propterea
1267 1176 1422 1209 poenam
1449 1166 1605 1207 exigere.
1634 1177 1678 1199 ne
1701 1167 1821 1201 aliena

261 1216 415 1260 pecunia
442 1226 509 1259 pro
537 1227 598 1248 sua
627 1215 678 1247 uti
705 1216 970 1248 consuesceret.
1023 1213 1094 1247 Sed
1121 1212 1217 1256 quod
1243 1212 1312 1246 hoc
1341 1211 1502 1246 Senecae
1528 1212 1608 1246 loco
1635 1212 1740 1247 facile
1767 1214 1820 1248 in-

261 1263 462 1307 tellegitur.
490 1262 527 1296 id
562 1274 603 1295 eo
638 1264 779 1295 remoto
814 1260 941 1294 dubito
968 1272 1054 1294 num
1081 1261 1119 1293 in
1145 1260 1296 1294 Publilii
1322 1271 1429 1294 versu
1454 1260 1702 1304 intellegatur.
1753 1261 1819 1295 Al·

262 1315 339 1345 tera
376 1316 497 1344 autem
531 1314 586 1343 est
620 1309 879 1352 interpretatio
905 1308 1051 1342 Erasmi
1088 1308 1139 1341 sic
1164 1319 1309 1341 versum
1335 1307 1628 1352 interpretantis:
1669 1307 1819 1348 „Dulcis

262 1358 363 1392 cibus
437 1357 594 1396 alienus,
643 1356 706 1390 sed
756 1355 863 1389 foeda
906 1356 1075 1398 voluptas
1125 1358 1181 1389 est
1224 1355 1439 1389 adsuescere
1490 1354 1651 1390 alieniss‘
1703 1354 1821 1399 Quam

261 1406 290 1439 si
332 1409 432 1438 recte
478 1404 659 1443 intellexi,
711 1403 781 1437 hoc
823 1403 902 1437 vult
944 1403 1049 1437 dulce
1092 1402 1241 1446 quidem
1283 1414 1361 1436 esse
1387 1402 1433 1435 ad
1475 1402 1631 1435 alienam
1657 1414 1821 1437 mensam

267 1452 451 1486 interdum
492 1451 714 1491 accumbere,
758 1451 821 1484 sed
856 1450 1013 1485 eundem
1045 1453 1120 1484 tum
1153 1450 1270 1483 minus
1306 1449 1490 1490 delectari,
1518 1449 1547 1483 si
1581 1461 1661 1483 cum
1704 1450 1819 1484 altero

260 1500 389 1542 iisdem
433 1510 577 1543 semper
620 1499 671 1541 uti
712 1502 873 1543 cogatur.
937 1497 1009 1532 Sed
1051 1498 1140 1531 haec
1178 1497 1253 1531 vita
1302 1500 1447 1531 tantuin
1492 1497 1595 1530 abest
1642 1500 1683 1530 ut
1740 1498 1818 1532 iure

260 1547 381 1581 mala
431 1546 504 1580 dici
546 1547 679 1590 possit,
731 1546 902 1589 quoniam
953 1545 1117 1589 plerique
1166 1545 1329 1579 homines
1379 1556 1422 1578 ea
1464 1544 1678 1579 condicione
1724 1545 1822 1579 inter

263 1606 299 1628 se
338 1598 500 1633 utuntur,
540 1596 581 1627 ut
613 1594 731 1627 minus
765 1593 875 1627 etiam
908 1592 1158 1636 intellegatur,
1194 1592 1429 1636 quamobrem
1455 1592 1572 1625 mala
1598 1592 1820 1636 voluptas

261 1642 411 1676 dicatur.
463 1641 595 1685 Itaque
630 1653 711 1675 cum
737 1644 867 1674 neutra
893 1651 1028 1680 earum,
1063 1651 1150 1683 quas
1178 1640 1262 1680 dixi,
1290 1640 1636 1683 interpretationum
1662 1640 1820 1683 placeat,

261 1689 370 1723 aliani
404 1689 570 1733 proferre
595 1689 714 1722 liceat.
760 1688 877 1721 1Viam
904 1687 993 1721 mihi
1018 1687 1237 1721 monstravit
1264 1686 1381 1720 Plaut.
1409 1686 1524 1722 Stich.
1551 1685 1581 1720 I.
1609 1687 1640 1727 3,
1669 1686 1723 1722 55.
1758 1687 1820 1722 ubi

260 1737 349 1770 haec
384 1737 573 1781 leguntur:
610 1735 704 1770 Nam
739 1736 902 1769 curiosus
929 1746 1034 1768 1101110
1061 1738 1127 1775 est,
1161 1735 1247 1777 quin
1274 1734 1321 1767 sit
1347 1734 1558 1768 malevolus.
1610 1733 1712 1778 Quae
1740 1746 1819 1768 sen-

260 1784 377 1818 tentia
394 1783 519 1817 Plauti
539 1784 664 1818 eadem
682 1795 789 1817 versu
807 1782 1016 1816 Publiliano
1036 1782 1181 1816 videtur
1207 1792 1379 1825 expressa
1405 1793 1493 1821 esse,
1526 1781 1723 1815 dummodo
1750 1794 1818 1826 pro

261 1842 574 1865 consuescere
613 1830 752 1864 scribas
791 1830 1066 1865 resciscere.
1129 1828 1446 1873 Praepositionem
1485 1828 1539 1862 ad
1576 1828 1669 1862 falso
1705 1840 1747 1862 ex
1781 1841 1814 1863 v.

260 1879 459 1913 alienum
494 1878 659 1912 additam
685 1882 784 1922 puto.
824 1876 926 1912 Haec
952 1877 1065 1922 igitur
1091 1888 1216 1911 versus
1244 1876 1424 1910 sententia
1450 1879 1520 1910 est:
1560 1875 1663 1909 Mala
1688 1876 1817 1910 volun-

260 1930 315 1960 tas
351 1929 407 1960 est
442 1926 527 1959 eius.
569 1926 629 1969 qui
664 1928 738 1958 tam
774 1925 935 1959 curiosus
970 1928 1034 1958 est.
1071 1927 1111 1957 ut
1137 1924 1275 1957 alienas
1302 1935 1359 1957 res
1386 1924 1583 1957 resciscere
1608 1923 1708 1957 velit.
1759 1923 1833 1958 De.

260 1973 372 2007 verbo
398 1973 665 2007 resciscere
691 1973 774 2007 vide
800 1972 904 2007 Publ.
931 1972 951 2006 Ι
971 1973 987 2006 1
1017 1972 1131 2016 (231)).
1176 1970 1405 2005 Sententiam
1431 1971 1593 2004 illustrat
1619 1970 1682 2004 1110
1704 1970 1815 2004 Plinii

261 2021 305 2055 de
331 2020 555 2055 delatoribus
582 2021 619 2054 in
645 2019 781 2064 Paneg.
810 2021 865 2055 34.
892 2020 1010 2054 locus:
1044 2018 1236 2059 „Vidimus
1264 2019 1468 2052 delatorum
1495 2017 1679 2056 iudicium.
1715 2018 1817 2061 quasi

260 2072 517 2111 grassatorum,
545 2068 646 2111 quasi
671 2067 874 2101 latronum:
900 2079 973 2100 non
993 2066 1228 2100 solitudinem
1255 2066 1319 2105 illi,
1348 2077 1420 2098 non
1439 2066 1517 2106 iter,
1547 2065 1610 2098 sed
1628 2065 1815 2109 templum,

261 2115 323 2149 sed
343 2115 460 2149 forum
486 2115 706 2150 insederant.
743 2114 854 2148 Nulla
878 2115 950 2148 iam
977 2117 1197 2147 testamenta
1224 2124 1359 2153 secura,
1387 2112 1508 2146 nullus
1535 2115 1650 2146 status
1677 2116 1816 2147 certus:

259 2175 332 2197 non
359 2163 507 2203 orbitas,
535 2174 607 2196 non
634 2162 739 2196 liberi
766 2162 1001 2205 proderantf‘
1029 2161 1083 2194 Cf.
1106 2160 1230 2205 Quint.
1247 2160 1292 2196 V.
1323 2161 1377 2201 10,
1405 2160 1459 2196 50.
1502 2159 1608 2194 Haec
1634 2164 1670 2194 et
1695 2160 1733 2193 111
1755 2160 1816 2193 de-

259 2210 450 2244 liberando
477 2210 660 2243 iutuemur
687 2212 722 2243 et
748 2210 785 2243 in
811 2209 956 2243 iudiciis
982 2209 1028 2243 ad
1055 2209 1144 2242 duas
1171 2219 1226 2242 res
1254 2208 1409 2241 solemus
1435 2207 1589 2241 referre:
1625 2207 1685 2241 An
1711 2207 1811 2240 volu-

260 2258 330 2291 erit
356 2256 460 2301 quis?
488 2258 548 2290 An
576 2256 761 2301 potuerit?
787 2256 881 2290 Nam
908 2259 945 2290 et
971 2256 1263 2289 voluntatem
1291 2266 1371 2299 spes
1399 2254 1497 2288 facit.

362 2307 413 2339 lo'.
454 2304 563 2338 Alter
597 2316 720 2338 versus
754 2304 839 2338 huic
865 2303 1074 2337 Publiliano
1108 2302 1312 2337 simillimus
1349 2305 1405 2335 est
1431 2301 1538 2336 Publ.
1574 2301 1607 2335 N
1634 2302 1677 2336 3⁴2
1703 2302 1816 2346 (408).

260 2351 332 2385 Hic
351 2356 416 2391 est,
444 2352 505 2395 qui
532 2352 606 2384 eius
633 2363 771 2393 versus,
798 2351 843 2385 de
870 2363 939 2394 quo
958 2350 1174 2394 quaerimus,
1194 2349 1414 2383 medicinam
1432 2349 1662 2384 monstravit.
1681 2348 1817 2383 Multi

260 2403 299 2432 ut
325 2398 467 2437 habeat,
495 2399 552 2432 cui
578 2405 795 2442 opponatur.
824 2398 1101 2432 custoditur
1126 2400 1340 2440 corruptum
1366 2408 1443 2430 esse
1462 2396 1664 2440 putandum
1691 2400 1747 2430 est
1773 2407 1817 2430 ex

260 2446 469 2480 custodit
503 2458 558 2479 un
571 2458 637 2479 us:
678 2458 748 2489 quo
783 2445 882 2479 facto
918 2445 1028 2480 etiam
1068 2445 1231 2488 legitima
1266 2455 1389 2477 versus
1425 2444 1598 2477 diaeresis
1632 2443 1817 2487 reperitur

262 2492 358 2527 Vide
397 2493 511 2537 praef.
551 2504 585 2536 p.
616 2493 669 2527 ¹16.
709 2492 859 2527 Scilicet
892 2504 936 2527 ne
970 2491 1358 2536 periculo'quidem
1384 2490 1592 2534 corruptela
1618 2494 1735 2524 caret:
1778 2490 1817 2524 id

260 2541 357 2583 quod
383 2552 427 2574 ex
455 2540 660 2584 scripturae
682 2541 859 2574 varietate
885 2541 1010 2574 videre
1037 2540 1134 2574 licet.
1185 2539 1285 2573 Nihil
1313 2538 1408 2572 enim
1427 2538 1526 2571 aliud
1544 2542 1598 2571 est
1615 2538 1685 2571 nisi
1702 2538 1816 2571 inter·-

260 2591 531 2631 pretamentum
557 2598 622 2631 pro
649 2587 787 2628 malo,
815 2587 912 2631 quod
939 2599 1019 2621 cum
1045 2588 1164 2630 ipsum
1198 2586 1412 2630 periculum,
1446 2585 1628 2626 damnum,
1662 2596 1817 2628 poenam

261 2635 452 2679 significet,
493 2635 589 2678 apud
623 2634 820 2678 scriptores
855 2634 1193 2678 frequentissimum
1226 2637 1288 2666 est.
1325 2632 1378 2668 Cf.
1405 2632 1526 2666 Plaut.
1553 2631 1653 2666 Pers.
1681 2631 1752 2666 III.
1782 2633 1813 2672 1,

261 2683 317 2717 33.
343 2682 455 2717 Poen.
482 2681 555 2723 111,
583 2682 615 2723 Ξ),
644 2682 698 2716 48.
725 2681 820 2715 Rud.
848 2681 916 2717 IV.
943 2683 975 2723 4,
1004 2682 1059 2717 81.
1095 2680 1175 2716 Ter.
1203 2680 1318 2714 Andr.
1346 2679 1376 2713 I.
1407 2681 1434 2719 1,
1469 2679 1541 2714 116.
1568 2678 1662 2713 Eun.
1697 2678 1755 2712 IV
1781 2679 1813 2719 4,

260 2729 316 2764 45.
344 2729 455 2773 Verg.
492 2728 625 2773 Georg.
659 2728 709 2762 II.
740 2728 816 2764 168.
845 2728 917 2763 Cic.
946 2727 1053 2764 Verr.
1080 2727 1131 2763 ΙΙ.
1164 2729 1194 2769 3,
1222 2728 1277 2762 23.
1305 2728 1361 2762 25.
1396 2725 1474 2762 Liv.
1502 2725 1570 2761 IV.
1605 2726 1661 2761 49.
1688 2725 1813 2760 Ruhn-
