1967 3090
269 216 529 260 Parthenopol.
554 218 653 252 1⁵12.
674 228 707 260 p.
727 217 783 251 21.
804 218 886 261 22).
907 216 1012 260 Quod
1035 216 1184 251 Bothius
1204 217 1364 260 scripsit:
1384 216 1457 250 Diu
1477 217 1764 258 deliberandum,
1784 221 1828 252 st.

269 276 298 298 e.
327 275 364 304 8.,
385 264 654 298 commendavit
680 263 875 308 Hauptius,
904 264 940 297 id
967 264 1035 297 etsi
1062 276 1104 298 ex
1131 264 1490 298 (liliberandum
1509 268 1630 298 ortum
1655 265 1831 309 explicari

269 311 395 355 possit,
435 314 558 345 tamen
590 311 870 355 improbandum
917 311 1072 347 videtur.
1122 311 1219 355 quod
1260 314 1296 345 et
1330 322 1373 345 ea
1407 312 1614 355 corruptela
1646 313 1830 346 rarissime

268 359 387 402 ipsum
421 358 564 392 initium
598 370 723 393 versus
749 358 884 392 insidet
918 362 953 392 ct
979 358 1097 393 dilib
1109 370 1154 392 er
1165 358 1249 392 and
1260 370 1282 391 u
1293 371 1328 391 m
1363 370 1429 403 pro
1456 359 1644 393 deliber
1660 359 1745 394 and
1765 372 1832 393 um

270 405 452 439 scribendi
479 417 581 440 error
606 410 680 440 tam
700 406 827 439 solitus
847 408 911 446 est,
940 410 980 439 ut
997 417 1070 439 non
1092 406 1228 440 maiore
1256 406 1475 440 emendandi
1500 406 1686 441 molimine
1712 410 1830 451 egeat.

272 451 452 488 Cf.Pub1.
479 451 514 486 D
541 453 562 486 ὃ
590 454 707 497 (1301.

366 501 419 534 11.
448 499 525 542 ,,Νο
544 500 652 535 facile
669 500 797 535 credas
815 500 999 534 accusanti
1019 501 1243 545 quempianr‘
1260 500 1444 535 Erasmus.
1487 500 1541 535 Cf.
1558 500 1679 536 Plaut.
1696 500 1827 537 Pseud.

268 545 298 582 Ι.
327 548 357 588 5,
379 548 433 582 12.
460 546 544 581 Seu.
573 548 617 582 de
645 548 748 582 clem.
775 547 805 582 Ι.
833 548 887 587 20,
904 548 935 582 2.
962 546 1059 583 Plin.
1086 547 1226 593 Paneg.
1254 548 1310 582 34.

364 595 418 629 12.
446 594 566 648 „Tuni
588 596 767 639 optimum
793 598 849 628 est
874 595 976 635 mori,
1005 607 1087 629 cum
1114 595 1231 663 adhuc
1258 595 1362 629 dulce
1388 598 1444 629 est
1470 596 1613 630 vivere“
1643 595 1828 630 Erasmus

270 640 324 677 Cf.
351 641 459 676 Publ
486 642 525 676 M
552 643 572 676 5
600 644 716 688 (313).
767 641 848 676 Ter.
867 641 959 678 Eun.
979 641 1053 678 III.
1081 643 1114 683 5,
1131 644 1162 677 3.
1190 641 1324 677 ,48011
1352 654 1408 686 ep
1428 642 1496 678 VI.
1516 643 1537 678 2
1563 643 1680 688 (5417
1684 669 1690 676 .
1722 642 1830 677 illum

267 689 378 723 lauda
403 692 440 724 et
464 689 618 732 imitare,
647 701 755 733 quam
781 701 855 723 non
880 689 984 734 piget
1001 690 1104 731 mori,
1133 702 1214 725 011111
1240 690 1340 724 iuvet
1358 690 1492 726 vivere.
1545 689 1628 725 Sen.
1647 690 1693 724 ad
1710 689 1827 726 Mare.

270 736 315 770 de
341 737 466 771 consol
492 736 634 772 XX.1.
662 738 718 772 ad.
746 737 875 780 Polyb.
910 737 955 771 de
981 717 1118 772 consol.
1145 737 1211 771 IX.
1248 738 1279 772 9.
1315 740 1380 778 est,
1414 738 1505 771 mihi
1539 737 1658 778 crede,
1693 748 1828 783 magna

270 783 424 817 felicitas
451 785 487 818 in
515 785 593 828 ipsa
606 739 798 819 lfelicitate
825 784 1014 820 moriendi.
1065 784 1315 820 Pseudo-Seu.
1344 785 1389 819 de
1414 785 1548 820 remed.
1577 785 1662 819 fort.
1695 784 1764 820 IV.
1796 786 1824 820 1.

273 829 380 864 Mart.
409 832 525 876 epigr.
552 831 620 866 XI.
648 833 702 867 50.
724 834 775 868 15.

367 879 419 913 13.
445 879 623 921 „Lucrum
649 892 731 914 cum
756 880 898 913 iactura
923 879 1042 914 famae
1068 880 1240 914 danmum
1268 883 1334 920 est,
1364 891 1437 913 non
1464 879 1828 915 11101·u1n¹‘E1-as]111us.

269 925 322 959 Cf.
347 925 520 962 ilsenaud.
540 926 700 961 Monost.
729 929 760 963 6
786 927 885 960 α’ῖται·
911 927 952 960 τὸ
980 927 1099 971 m‘od'so
1117 925 1241 959 (ιὸικον
1260 926 1303 959 ὂι·
1322 930 1437 972 ᾳὲοει
1437 926 1501 959 {mi
1509 932 1585 969 2'1·¹.1
1611 927 1691 962 301.
1711 926 1830 971 κέρδος

269 973 428 1015 :tm-toln
455 976 583 1016 §quim
609 974 662 1007 ἀεὶ
689 978 792 1020 φέοει.
822 974 901 1009 586,
930 988 972 1007 τα
998 974 1155 1019 ὸάἰσχοὰ
1175 974 1273 1021 κέρδη
1293 987 1475 1019 σιιιᾳορας
1492 975 1684 1020 ἐυχάζεται.
1736 974 1827 1009 Rib-

267 1004 386 1054 beckii
411 1022 546 1057 testim.
573 1022 618 1055 ad
644 1022 678 1057 h.
706 1023 728 1056 l
756 1021 862 1057 Publ.
888 1022 918 1055 P
945 1022 989 1056 30
1016 1022 1129 1066 (453³).
1181 1009 1286 1056 0300.
1315 1021 1418 1055 Balb.
1447 1034 1480 1065 p.
1521 1022 1573 1057 18.
1609 1021 1707 1056 Mon.
1744 1021 1773 1056 I.
1808 1023 1828 1056 3

269 1066 386 1111 (80111.
417 1069 512 1107 1061.

365 1116 418 1151 14.
442 1115 615 1158 „Frustra
633 1119 715 1149 sunt
733 1116 846 1150 fortes
865 1116 1011 1157 milites,
1039 1116 1077 1149 ni
1095 1116 1196 1149 ducis
1214 1116 1413 1159 prudentia
1426 1119 1623 1161 regantur“
1641 1116 1828 1151 Erasmus.

364 1164 418 1198 15
446 1162 630 1197 Timere
657 1168 712 1197 est
738 1166 900 1198 metuere
926 1164 948 1198 i.
983 1175 1012 1199 e.
1040 1166 1231 1207 acceptum
1257 1163 1455 1206 prudenter
1481 1164 1674 1204 custodire,
1703 1175 1747 1198 ne
1775 1164 1825 1198 ef-

267 1210 368 1244 fluat.
396 1214 437 1244 ut
462 1210 567 1245 Publ.
595 1210 628 1254 Q
654 1211 698 1245 42
725 1211 839 1255 (542).
891 1210 1002 1255 Verg.
1029 1210 1122 1244 Aen.
1151 1209 1203 1245 Π.
1232 1211 1288 1244 50.
1316 1209 1445 1253 „Quod
1479 1211 1600 1245 subito
1634 1211 1827 1256 contingit,

269 1257 388 1291 subito
417 1258 509 1292 solet
534 1258 677 1292 auferre
703 1257 872 1291 fortuna·
899 1257 1085 1291 Erasmus.
1137 1257 1192 1292 Cf.
1221 1256 1306 1291 Sen.
1333 1261 1406 1293 nat.
1433 1261 1570 1301 quaest.
1603 1257 1676 1293 III.
1709 1259 1824 1302 praef.

270 1305 324 1340 14.
352 1308 473 1339 cetera
499 1316 632 1350 magno
659 1306 852 1338 aestimata
877 1305 1108 1343 mortalibus,
1134 1305 1277 1339 etiamsi
1303 1305 1383 1348 quis
1409 1304 1557 1339 domum
1583 1316 1686 1339 casus
1719 1306 1824 1340 adtu-

266 1352 360 1392 lerit,
390 1353 439 1385 sic
465 1353 601 1387 intueri
620 1353 722 1396 quasi
750 1353 901 1389 exitura.
930 1364 1001 1395 qua
1030 1355 1219 1387 venerunt.
1247 1363 1303 1396 ep.
1323 1351 1429 1387 XVI.
1457 1353 1477 1387 3
1503 1352 1582 1397 (981
1608 1353 1640 1388 9.
1667 1353 1824 1388 mortale

267 1402 323 1433 cst
349 1411 453 1433 omne
479 1400 687 1434 mortalium
714 1400 859 1436 bonum.
889 1411 944 1444 ep.
972 1399 1078 1435 XIX.
1107 1401 1125 1433 1
1152 1400 1254 1444 (1101
1289 1400 1320 1434 4.
1348 1403 1403 1433 est
1437 1403 1558 1433 autem
1597 1401 1694 1434 tanti
1736 1400 1829 1434 nihil

268 1447 330 1480 diu
361 1448 532 1492 gaudere,
566 1458 610 1481 ne
637 1447 724 1490 quid
750 1447 813 1481 diu
838 1448 978 1482 timeas
1030 1446 1113 1481 Sen.
1140 1446 1290 1491 Thyest.
1317 1447 1396 1482 534.
1424 1447 1503 1482 535.
1531 1447 1609 1491 quis
1637 1448 1822 1483 influentis

269 1494 365 1536 dona
392 1494 561 1528 fortunae
589 1494 740 1528 abnuit?
767 1498 937 1538 expertus
964 1498 1019 1529 est
1045 1495 1257 1538 quicunque,
1286 1505 1394 1537 quam
1420 1494 1527 1528 facile
1553 1494 1716 1530 effluant.

368 1543 419 1577 10.
446 1542 680 1576 Amissum
707 1554 727 1576 a
752 1541 872 1576 Fabro
898 1542 1126 1586 propositum
1153 1541 1306 1575 Bothius
1339 1545 1376 1575 et
1408 1541 1631 1576 Ribbeckius
1657 1542 1825 1586 probant,

268 1588 458 1623 Bentleius
478 1589 662 1633 explicare
681 1589 813 1623 studet.
849 1588 980 1633 „Quod
998 1590 1094 1623 enim
1113 1589 1396 1629 Dimittitur,
1416 1589 1544 1632 inquit,
1566 1600 1628 1623 seu
1643 1601 1663 1623 a
1680 1590 1828 1624 volente

271 1636 346 1670 sive
365 1636 410 1670 ab
431 1637 557 1677 invito,
578 1640 675 1671 certe
692 1649 713 1671 a
731 1638 877 1671 conscio
897 1637 1094 1671 dimittitur
1113 1640 1149 1670 et
1165 1648 1219 1670 ne
1234 1636 1349 1670 sciri
1374 1648 1448 1670 non
1466 1639 1621 1680 potest“.
1673 1635 1831 1671 Accedit

270 1684 365 1727 quod
392 1682 474 1719 Sen.
503 1696 558 1728 ep.
587 1684 617 1720 Ι.
645 1685 678 1725 4,
696 1685 715 1719 6
743 1696 823 1718 cum
850 1684 986 1718 nullius
1011 1684 1063 1718 rei
1090 1684 1293 1717 faciliorem
1321 1684 1552 1718 amissionem
1580 1695 1657 1718 esse
1684 1684 1828 1726 dixerit,

269 1742 377 1775 quam
412 1743 503 1775 quae
536 1732 740 1766 desiderari
776 1732 908 1765 amissa
946 1743 1019 1766 non
1052 1734 1185 1775 posset,
1221 1731 1371 1764 verbum
1405 1731 1596 1765 amittendi
1631 1732 1830 1776 repetitum

269 1779 460 1823 agnovisse
487 1779 642 1814 videtur.
697 1778 958 1813 Verumtamen
986 1779 1150 1822 quamvis
1177 1779 1245 1812 hoc
1271 1779 1369 1812 inter
1394 1778 1580 1812 dimittere
1606 1782 1642 1812 et
1660 1779 1829 1813 amittere

269 1826 496 1860 intercedere
521 1829 619 1860 recte
646 1828 837 1867 statuatur
867 1826 963 1870 quod
981 1826 1191 1860 dimittatur
1216 1838 1236 1859 a
1265 1826 1456 1869 prudente,
1482 1826 1673 1860 amittatur
1691 1826 1736 1860 ab
1763 1827 1828 1860 im-

268 1873 448 1917 prudente
476 1873 536 1913 (0.1
565 1872 688 1917 Quint.
716 1873 784 1908 IX.
811 1874 939 1915 4,143.
975 1873 1043 1908 XI.
1071 1874 1149 1913 2,9.
1176 1874 1233 1908 44.
1252 1872 1374 1908 11-31111.
1401 1873 1447 1907 ad
1465 1872 1546 1908 Lix.
1574 1874 1628 1914 23,
1645 1873 1722 1918 42);
1750 1873 1830 1908 fieri

267 1924 398 1964 potest,
425 1924 465 1953 ut
491 1922 589 1964 quod
615 1921 694 1964 quis
721 1921 810 1955 olim
835 1921 1026 1962 dimiserit,
1053 1924 1181 1965 postea
1217 1921 1262 1954 ab
1297 1932 1334 1954 se
1369 1920 1559 1954 dimissum
1591 1920 1831 1955 obliviscatur

268 1970 376 2011 atque
402 1969 549 2001 omniuo
576 1969 725 2003 nesciat.
775 1969 901 2012 Atque
927 1972 968 2002 ut
986 1969 1083 2012 quod
1101 1968 1291 2002 dimissum
1309 1971 1372 2004 est.
1401 1968 1497 2002 idem
1516 1971 1615 2001 certe
1637 1968 1827 2009 amittitur,

268 2016 321 2049 ita
346 2027 418 2050 non
445 2016 626 2050 amittitur
651 2016 853 2050 dimissum.
882 2016 979 2059 quod
1003 2016 1214 2051 nescituri.
1242 2026 1271 2051 e.
1298 2027 1371 2049 non
1398 2015 1551 2056 sentitur
1586 2026 1652 2049 nec
1686 2015 1827 2049 deside-

268 2066 379 2097 latur.
431 2061 552 2105 Quare
578 2063 710 2097 nesciii
741 2063 837 2106 quod
863 2063 932 2097 hoc
958 2075 1065 2098 versu
1099 2063 1287 2096 dimissum
1323 2063 1465 2104 dicitui,
1504 2055 1601 2096 idem
1635 2062 1827 2106 significat,

269 2111 367 2154 quod
392 2122 464 2144 non
491 2111 619 2144 sentiri
646 2111 703 2144 vel
729 2122 801 2143 non
827 2110 1038 2146 desiderari.
1089 2110 1140 2145 Ut
1169 2109 1310 2144 Seneca
1336 2114 1370 2144 et
1410 2121 1452 2143 eo
1487 2121 1593 2153 quem
1627 2110 1827 2151 attulimus,

268 2161 305 2192 et
339 2158 420 2191 aliis
455 2158 543 2191 locis
571 2159 714 2192 locutus
742 2161 798 2191 est
823 2158 869 2193 01.
904 2169 958 2202 ep.
987 2157 1098 2192 XIII.
1133 2158 1154 2192 2
1188 2158 1267 2202 (87)
1305 2159 1341 2191 1:
1379 2157 1527 2191 interim
1559 2157 1629 2191 hoc
1662 2168 1719 2190 me
1757 2158 1829 2191 iter

268 2206 401 2245 docuit.
430 2216 536 2248 quam
563 2206 680 2239 multa.
703 2205 917 2239 haberemus
938 2216 1162 2249 supervacua
1180 2208 1217 2239 et
1234 2216 1342 2248 quam
1360 2204 1469 2238 facile
1488 2204 1622 2238 iudicio
1641 2216 1828 2249 possemus

269 2253 463 2296 deponere,
492 2264 580 2296 quae
607 2253 637 2286 si
664 2253 808 2295 quando
834 2253 1032 2286 necessitas
1061 2252 1222 2291 abstulit,
1250 2264 1339 2285 non
1365 2252 1590 2286 sentimus
1619 2252 1750 2287 ablata.
1770 2263 1826 2295 ep.

268 2299 336 2334 IV.
357 2302 373 2334 1
400 2300 478 2344 (301
505 2303 535 2334 0.
563 2300 624 2343 qui
650 2300 765 2341 timet,
793 2301 889 2343 quod
915 2312 989 2333 non
1015 2303 1070 2334 est
1095 2311 1274 2334 sensurus.
1296 2298 1329 2333 V
1358 2299 1540 2339 1(42110.
1559 2310 1666 2333 nemo
1684 2298 1748 2333 illa
1767 2310 1827 2343 pe—

269 2348 360 2381 risse
388 2348 508 2386 sentit,
537 2348 601 2381 sed
627 2347 776 2392 cogitat.
827 2347 910 2381 8011.
938 2347 1109 2382 Contiffov
1136 2347 1166 2381 1.
1252 2358 1286 2390 p.
1326 2347 1401 2381 120.
1435 2340 1490 2382 ed.
1518 2346 1599 2390 Bip.
1635 2346 1696 2389 qui
1731 2346 1825 2380 desi-

269 2395 435 2429 derasset
461 2394 642 2435 amissum,
671 2395 769 2437 quod
794 2406 867 2428 non
886 2395 1118 2428 vindicasset.
1170 2393 1328 2428 Versum
1347 2405 1453 2437 quem
1470 2393 1643 2427 Erasmus
1661 2393 1825 2427 bieviter

269 2443 320 2476 ita
347 2442 538 2485 explicuit:
566 2441 672 2482 „Non
699 2445 753 2476 est
779 2442 961 2483 damnum,
989 2442 1085 2486 quod
1111 2453 1183 2475 non
1211 2441 1346 2475 sentis“
1382 2441 1504 2475 neseio
1540 2452 1585 2474 an
1621 2441 1826 2475 accuratius

269 2490 321 2523 ita
346 2489 617 2532 interpreteris:
646 2489 753 2532 Quod
767 2489 830 2523 abs
848 2493 885 2523 te
913 2489 988 2523 sive
1007 2489 1207 2533 prudenter
1226 2488 1352 2522 datum
1371 2488 1445 2522 sive
1464 2492 1601 2522 temere
1621 2488 1827 2531 proiectum

270 2548 343 2570 non
370 2537 493 2577 sentis,
522 2536 597 2569 eius
624 2536 833 2570 detrimenti
860 2537 962 2570 nulla
987 2537 1151 2570 icactura
1176 2539 1241 2570 est.
1293 2535 1347 2570 De
1377 2547 1448 2578 qua
1474 2535 1655 2569 sententia
1681 2534 1726 2570 cf.
1742 2534 1825 2570 8011.

270 2585 315 2618 (10
340 2584 440 2618 brev.
466 2584 525 2617 vit
558 2583 669 2617 VIH.
697 2584 729 2618 4.
756 2584 959 2617 tolerabilis
987 2587 1042 2617 est
1069 2584 1141 2617 illis
1167 2584 1310 2617 iactura
1336 2583 1551 2616 detrimenti
1585 2582 1743 2616 latentis.
1780 2582 1826 2615 ad

269 2631 382 2665 Marc.
410 2631 454 2664 de
481 2631 615 2665 consol.
643 2630 749 2665 XVI.
777 2631 809 2665 8.
837 2642 892 2675 ep.
920 2630 1027 2666 XVI.
1055 2632 1074 2665 3
1102 2631 1182 2676 (98)
1213 2631 1266 2664 11.

371 2678 418 2713 17.
456 2678 536 2712 Nisi
570 2689 627 2711 res
661 2678 817 2711 multum
849 2690 890 2712 ac
927 2689 1032 2721 saepe
1067 2682 1188 2712 tecum
1219 2677 1456 2721 reputaveris,
1492 2687 1677 2720 nunquam
1709 2679 1745 2710 te
1780 2676 1826 2710 ad

271 2725 469 2770 sapientiae
497 2725 641 2759 laudem
668 2725 938 2769 adspiraturum
964 2726 1101 2760 credas.
1152 2724 1377 2759 Ribbeckius
1403 2725 1494 2758 haec
1527 2723 1648 2758 addit:
1683 2723 1826 2768 „Magis
