1967 3090
908 121 1228 165 —226—

377 235 431 270 39.
466 233 523 269 De
550 236 731 269 sententia
759 235 804 270 cf.
833 235 916 272 Sen.
944 236 1116 281 Excerpt.
1143 237 1314 272 Controv.
1342 237 1411 274 IX.
1442 239 1471 274 1.
1499 250 1532 282 p.
1560 239 1640 274 475.
1677 251 1743 285 ego
1769 251 1844 275 non

281 286 590 326 exspectaveram,
620 283 735 317 donec
762 295 924 328 rogares.

376 329 432 364 40.
467 328 523 363 De
551 331 731 364 sententia
758 330 804 366 cf.
831 330 938 367 Publ.
966 330 997 375 Q
1025 331 1069 365 24
1097 332 1210 376 (524).
1239 331 1359 368 Plaut.
1387 332 1521 368 Bacch.
1549 332 1622 368 III.
1659 334 1690 374 2,
1718 335 1750 369 2.
1777 335 1840 369 110-

280 376 369 410 mini
389 377 517 417 amiCO‚
546 378 609 420 qui
636 381 691 411 est
718 378 868 417 amicus,
894 379 945 413 ita
970 379 1025 413 uti
1051 390 1185 413 nomen
1211 380 1386 423 possidet.
1415 380 1488 415 Cic.
1507 380 1608 414 Lael.
1630 381 1661 422 8,
1682 382 1736 417 26.
1757 381 1842 418 8011.

279 422 377 458 Med.
404 424 485 458 415.
512 435 613 458 amor
638 425 768 460 timere
795 426 979 460 neminem
1005 437 1112 461 verus
1139 429 1273 470 potest.

373 471 431 505 41.
461 470 567 514 „Vox
593 473 773 516 improbi“
803 472 972 508 Orcllius.
992 473 1066 509 Cic.
1089 473 1148 508 off.
1175 472 1247 509 III.
1275 475 1307 510 9.
1334 474 1486 509 honesta
1513 475 1600 509 viris
1626 475 1741 516 bonis,
1769 488 1843 512 non

279 518 424 553 occulta
450 523 683 563 quaeruntur.
710 519 805 555 Gell.
832 519 914 555 NA.
942 520 1032 556 XII.
1061 522 1114 561 11,
1142 521 1174 556 2.
1209 521 1329 555 virum
1362 522 1508 565 quidem
1541 522 1744 567 sapientem
1769 535 1842 558 non

277 569 514 610 peccaturum
541 579 619 601 esse
645 567 789 602 dicebat
807 566 1042 612 (Peregrinus
1061 568 1320 614 philosophus)
1339 569 1483 603 etiamsi
1501 580 1671 613 peccasse
1689 581 1773 604 eum
1791 571 1842 605 dii

279 616 389 658 atque
415 614 584 649 homines
610 615 816 659 ignoraturi
842 614 975 651 forent.
1019 615 1072 649 Cf.
1099 614 1206 651 Publ.
1234 615 1267 660 Q
1300 618 1311 650 1
1340 616 1452 661 (501).
1480 616 1515 650 V
1542 617 1562 651 8
1588 617 1700 662 (636).

374 661 431 696 42.
458 661 514 696 De
541 663 724 696 sententia
752 662 797 698 cf.
825 661 930 698 Publ.
958 662 985 696 C
1013 664 1058 698 30
1084 663 1198 708 (116).
1226 663 1261 697 N
1286 664 1308 697 4
1334 663 1446 708 (380).
1474 663 1499 698 S
1526 664 1570 699 24
1597 664 1711 709 (607).
1753 665 1837 701 Seu.

278 711 352 743 nat.
381 713 519 752 quaest.
546 709 615 744 VI.
643 710 674 750 2.
704 711 736 745 3.
763 710 793 743 si
818 710 930 744 vultis
959 709 1052 744 nihil
1069 711 1209 751 timere,
1239 711 1398 756 cogitate
1424 712 1546 746 onmia
1572 722 1649 746 esse
1668 713 1841 749 timenda.

279 754 363 790 8011.
390 758 524 801 Agam.
553 758 633 792 798.
661 757 779 791 victor
805 757 936 791 timere
962 757 1050 801 quid
1075 757 1223 801 potest?
1251 779 1293 782 —
1321 758 1420 802 quod
1446 770 1519 792 non
1545 759 1662 795 timet.

373 804 429 839 44.
456 803 609 839 Docte
644 805 665 839 i.
694 815 722 838 e.
752 808 852 839 recte
879 805 979 846 scite,
1016 805 1148 839 callide
1174 808 1221 841 ct.
1258 805 1364 841 Publ.
1400 805 1427 840 O
1454 807 1498 841 25
1525 807 1640 852 (110).
1678 806 1735 841 De
1763 818 1841 842 sen-

278 851 395 885 tentia
422 851 467 886 cf.
496 852 602 887 Publ.
630 851 660 885 P
687 853 742 886 55.
770 852 854 886 0011.
883 851 987 886 Caec.
1016 852 1120 886 Balb.
1148 864 1182 896 p.
1210 853 1264 888 26.
1292 852 1391 887 Mon.
1420 853 1570 887 XVIII.
1597 853 1840 900 (Sent.143.).

279 898 382 932 Sent.
419 899 512 933 falso
548 900 644 933 inter
668 898 774 934 Publ.
809 903 945 943 recept.
972 899 1052 934 264.
1087 899 1169 935 8011.
1202 911 1258 944 ep.
1286 899 1356 936 VI.
1392 901 1412 935 9
1438 901 1516 945 (61)
1543 901 1574 936 3.
1601 901 1663 945 qui
1688 901 1842 946 imperia

276 945 395 979 libens
429 947 575 990 excipit.
610 950 753 990 partem
781 946 1051 980 acerbissimam
1087 947 1273 981 servitutis
1300 948 1437 992 effugit,
1465 948 1586 982 facere
1612 949 1710 992 quod
1735 949 1839 983 nolit.

275 1004 349 1026 non
374 994 434 1036 qui
460 994 577 1027 iussus
604 993 742 1036 aliquid
769 993 865 1032 facit.
892 994 1004 1027 miser
1029 996 1095 1035 est,
1122 994 1186 1027 sed
1212 995 1273 1037 qui
1297 995 1431 1028 invitus
1456 995 1554 1030 facit.

371 1041 427 1076 46.
454 1040 510 1074 De
537 1041 717 1074 sententia
745 1040 788 1076 cf.
817 1040 900 1075 8011.
928 1041 972 1074 de
998 1041 1118 1076 benef.
1144 1040 1212 1076 IV.
1243 1042 1296 1082 10,
1324 1042 1356 1076 3.
1383 1053 1490 1085 quam
1517 1054 1625 1086 saepe
1650 1042 1839 1077 hominum

276 1087 513 1122 donationem
560 1100 660 1121 suani
705 1089 952 1122 inconsultam
989 1088 1263 1132 obiurgantium
1300 1088 1394 1123 hanc
1435 1090 1645 1124 exaudimus
1684 1101 1834 1125 vocem:

278 1135 448 1177 „mallem
474 1135 679 1180 perdidisse
707 1147 815 1179 quam
841 1134 1030 1169 (10(1150οἷμί
1061 1135 1150 1170 VII.
1178 1136 1232 1176 26,
1261 1137 1292 1171 2,

371 1183 428 1218 47.
466 1182 677 1216 Pronomen
709 1183 906 1217 relativum
940 1194 1056 1226 quae
1090 1182 1182 1216 falso
1218 1183 1363 1217 illatum
1397 1195 1475 1217 esse
1509 1187 1608 1218 recte
1635 1184 1838 1228 suspicatus

277 1232 331 1262 est
358 1230 597 1265 VVoelt‘flinus
638 1230 785 1275 Proleg.
826 1242 861 1274 p.
890 1230 945 1265 50.
984 1230 1069 1263 coll.
1107 1230 1204 1265 Phil.
1230 1230 1360 1266 XXII.
1400 1243 1434 1274 p.
1462 1231 1543 1266 460.
1584 1230 1664 1274 Quo
1696 1234 1838 1265 remoto

275 1288 401 1311 versus
428 1278 655 1318 restituetur⁷
693 1279 723 1311 si
749 1278 859 1311 modo
886 1288 953 1321 pro
980 1278 1156 1311 transit
1185 1278 1374 1322 scripseris
1402 1279 1627 1313 transita:
1655 1278 1753 1322 quod
1777 1279 1838 1313 de-

274 1325 501 1367 pravationis
528 1336 642 1369 genus
669 1325 706 1359 in
731 1336 857 1359 versus
886 1325 986 1358 exitu
1013 1325 1224 1368 saepissime
1250 1325 1547 1369 deprehenditur.
1599 1325 1696 1360 Vide
1723 1325 1836 1370 praef.

275 1383 310 1415 p.
338 1373 396 1407 20.
423 1372 582 1406 Vitam
607 1373 818 1406 transire
844 1372 943 1406 idem
969 1372 1151 1417 significat
1181 1373 1278 1416 quod
1303 1373 1418 1406 vitam
1444 1373 1647 1418 transigere
1674 1372 1719 1407 cf.
1747 1372 1836 1409 Sall.

275 1418 353 1454 Cat.
381 1419 411 1455 I.
440 1421 470 1454 ’1.
499 1419 582 1454 8011.
610 1419 654 1453 de
680 1419 823 1464 provid.
851 1419 920 1455 IV.
950 1420 979 1454 1.
1008 1431 1062 1463 ep.
1091 1419 1136 1453 V.
1165 1420 1187 1454 4
1212 1420 1289 1464 (45)
1316 1421 1370 1455 12.
1398 1419 1504 1455 XIV.
1532 1421 1552 1454 2
1572 1420 1652 1464 (90)
1671 1421 1725 1455 17.
1753 1419 1836 1456 8011.

275 1466 449 1501 controv.
477 1466 528 1501 II.
559 1467 613 1502 14.
641 1479 675 1511 p.
705 1468 783 1502 166.
813 1467 867 1501 ed.
894 1467 976 1510 Bip.
1004 1467 1088 1501 Tac.
1117 1467 1208 1512 Agr.
1237 1468 1268 1502 6.
1296 1466 1514 1500 Transita
1541 1471 1663 1501 autem
1680 1468 1756 1501 vita
1782 1471 1837 1502 est

274 1525 367 1557 quae
392 1515 589 1548 transitur:
628 1515 672 1548 de
707 1526 776 1558 qua
811 1514 999 1558 participii
1024 1514 1180 1558 perfecti
1221 1517 1404 1558 potestate
1429 1514 1514 1548 vide
1539 1514 1685 1558 Zumpt.
1712 1515 1835 1550 (iram.

275 1564 306 1603 ξ.
333 1562 412 1597 495.
440 1561 601 1605 Madvig.
629 1562 754 1597 Grani.
781 1562 812 1607 ξ.
840 1562 919 1596 427.
959 1561 1161 1605 Negotia
1188 1561 1331 1596 labores
1358 1564 1441 1595 sunt
1468 1562 1507 1595 in
1531 1561 1611 1595 foro
1638 1562 1696 1596 vel
1720 1562 1759 1596 in
1783 1562 1836 1596 iu-

273 1609 377 1643 diciis
396 1609 543 1653 publice
563 1611 734 1654 suscepti,
759 1621 825 1643 nos
844 1609 998 1643 dicimus
1028 1608 1365 1653 „Staatsgeschafte
1390 1609 1466 1642 und
1492 1607 1833 1644 Gerichtsha'ndelf‘

277 1656 331 1691 Of.
359 1657 469 1691 Voss.
497 1656 610 1701 Verg.
637 1657 715 1691 Ecl.
743 1656 773 1691 Ι.
801 1658 832 1692 6.
861 1655 996 1700 Georg.
1022 1655 1076 1691 II.
1102 1657 1183 1691 468.
1210 1655 1282 1691 III.
1310 1656 1389 1690 377.
1418 1655 1498 1690 8011.
1529 1656 1574 1690 de
1599 1657 1639 1690 ir.
1659 1655 1731 1690 III.
1751 1656 1782 1697 6,
1803 1657 1834 1692 3.

275 1714 330 1747 ep.
357 1703 426 1739 VI.
454 1705 472 1738 ’1
500 1705 580 1749 (53)
606 1705 637 1740 9.
666 1716 721 1748 ep.
748 1703 855 1738 XIX.
883 1704 904 1738 8
932 1704 1036 1748 (117)
1051 1703 1106 1738 32.
1127 1702 1200 1738 Sed
1224 1704 1404 1746 reliquum
1430 1706 1485 1737 est
1510 1706 1551 1737 ut
1575 1715 1691 1747 pauca
1717 1703 1835 1746 dicam

275 1750 318 1785 de
353 1763 524 1785 mensura
554 1752 725 1785 vocabuli
757 1751 977 1796 negotiis.
1043 1750 1150 1794 Quod
1185 1751 1331 1794 quidem
1364 1761 1447 1784 cum
1480 1754 1652 1794 (Quattuor
1686 1750 1834 1794 syllabis

274 1802 427 1837 constet.
468 1799 537 1832 hoc
571 1799 651 1833 loco
686 1799 922 1842 trisyllabum
954 1802 1025 1831 est.
1067 1798 1142 1832 sive
1173 1798 1225 1831 ita
1258 1801 1298 1831 ut
1332 1798 1513 1831 scribatur
1547 1798 1751 1841 negotis,
1794 1801 1833 1831 ut

273 1845 511 1880 Lachmanno
539 1846 584 1879 ad
610 1846 756 1880 Lucret.
784 1845 831 1880 V.
859 1845 914 1880 85.
941 1845 1096 1884 videtur.
1125 1845 1200 1879 sive
1224 1848 1263 1878 ut
1286 1855 1353 1889 per
1380 1844 1540 1888 systolen
1563 1845 1832 1889 pronuntietur,

272 1893 372 1926 velut
400 1893 605 1927 conubio
632 1893 730 1937 apud
755 1893 870 1936 Verg.
897 1893 990 1926 Aen.
1018 1892 1047 1926 I.
1076 1893 1130 1927 73.
1158 1891 1226 1926 IV.
1255 1892 1334 1927 168.
1361 1892 1539 1926 taeniis
1567 1903 1622 1936 ap.
1651 1892 1758 1926 eund.
1785 1891 1832 1926 V.

274 1941 353 1975 269.
382 1940 573 1975 Sententia
600 1941 723 1974 multis
750 1942 944 1984 poetarum
970 1939 1220 1973 Romanorum
1241 1939 1410 1973 laudibus
1429 1939 1625 1980 celebrata.
1652 1939 1833 1983 imprimis

273 1987 318 2021 ab
353 1987 446 2022 Hor.
480 1988 549 2032 Ep.
578 1987 628 2021 II.
657 1988 712 2023 Cf.
740 1987 824 2023 Sen.
858 1987 902 2021 de
927 1990 1047 2031 tranq.
1075 1986 1173 2020 anim
1199 1986 1228 2022 I.
1258 1988 1312 2022 11.
1341 1990 1482 2021 ametur
1507 1997 1636 2030 expers
1663 1985 1832 2030 publicae

271 2035 513 2078 privataeque
540 2047 647 2069 curae
673 2035 930 2078 tranquillitas.
966 2034 1010 2068 de
1036 2034 1136 2068 brev.
1163 2034 1225 2069 vit.
1252 2033 1322 2068 XI.
1351 2034 1381 2068 2.
1416 2034 1462 2068 ad
1488 2032 1596 2069 Helv.
1624 2033 1670 2067 de
1695 2033 1831 2068 consol.

270 2081 356 2116 XX.
385 2084 416 2117 1.
443 2093 498 2126 ep.
525 2082 600 2116 III.
627 2084 645 2117 1
673 2083 751 2127 (22)
776 2083 808 2117 8.
835 2081 904 2117 IV.
933 2081 952 2116 3
979 2082 1059 2126 (32)
1087 2082 1118 2116 5.

366 2130 423 2165 48.
462 2129 518 2164 De
553 2130 734 2164 sententia
768 2129 812 2165 cf.
841 2129 965 2173 Quint.
1000 2128 1030 2162 I.
1058 2140 1220 2172 prooem.
1248 2129 1278 2163 5.
1307 2139 1375 2172 ego
1402 2139 1484 2162 cum
1508 2128 1600 2162 nihil
1628 2127 1831 2162 existimem

270 2177 341 2210 arti
376 2177 559 2210 oratoriae
594 2178 764 2217 alienum,
801 2177 878 2210 sine
904 2187 974 2219 quo
1001 2175 1080 2209 fieri
1106 2178 1291 2209 oratorem
1316 2186 1390 2208 non
1415 2186 1522 2219 posse
1547 2174 1738 2209 fatendum
1763 2176 1828 2215 est,

269 2235 336 2258 nec
371 2224 418 2258 ad
454 2224 565 2258 ullius
602 2224 654 2258 rei
683 2235 872 2263 summam,
900 2224 970 2256 nisi
994 2223 1302 2267 praecedentibus
1328 2222 1443 2256 initiis
1470 2222 1664 2266 perveniri,
1692 2222 1738 2255 ad
1762 2221 1829 2255 mi-

268 2282 358 2305 nora
390 2271 465 2312 illa,
502 2271 565 2305 sed
598 2282 691 2315 quae
724 2272 753 2305 si
786 2271 970 2315 neglegas.
1006 2281 1082 2304 non
1114 2270 1162 2304 sit
1184 2269 1385 2303 maioribus
1411 2270 1523 2310 locus,
1551 2269 1745 2303 demittere
1771 2279 1829 2302 me

269 2330 342 2353 non
367 2318 563 2353 recusabo:
590 2330 656 2352 nec
683 2318 800 2359 aliter,
828 2329 936 2362 quam
963 2318 993 2350 si
1018 2317 1108 2351 mihi
1132 2317 1301 2351 tradatur
1319 2316 1527 2350 educandus
1547 2319 1681 2357 orator,
1709 2315 1829 2350 studia

267 2366 346 2399 eius
372 2365 530 2399 formare
558 2365 602 2399 ab
627 2365 782 2399 infantia
807 2365 989 2409 incipiam.

364 2413 419 2447 49.
446 2412 503 2446 De
531 2413 710 2446 sententia
738 2412 781 2446 cf.
811 2411 885 2446 Cic.
912 2423 979 2456 pro
1005 2411 1119 2447 Marc.
1148 2412 1180 2446 2.
1206 2422 1392 2454 nunquam
1411 2411 1508 2444 enim
1525 2410 1715 2444 temeritas
1746 2420 1828 2444 cum

267 2460 450 2504 sapientia
481 2460 738 2494 commiscetur
770 2471 837 2493 nec
873 2459 919 2493 ad
953 2459 1146 2493 consilium
1176 2470 1283 2503 ‚casus
1321 2458 1538 2492 admittitur.
1578 2457 1658 2493 Liv.
1686 2457 1743 2498 22,
1770 2457 1825 2496 39,

267 2508 324 2542 21.
376 2506 500 2550 Quint.
530 2506 616 2540 VII.
643 2506 758 2551 praef.
799 2507 830 2541 3.
858 2505 966 2540 Fabr.
1006 2517 1061 2550 ep.
1088 2505 1177 2540 Zell.
1216 2517 1251 2550 p.
1286 2505 1341 2540 73.
1370 2516 1402 2539 v.
1430 2504 1509 2539 259.
1549 2507 1584 2538 et
1623 2503 1826 2538 Kremsier.

266 2566 301 2598 p.
330 2555 386 2589 53.
413 2566 446 2588 v.
475 2554 553 2589 552.
581 2554 826 2598 prudentibus
852 2554 1003 2587 insitum
1030 2556 1085 2586 est
1111 2553 1229 2586 vitare
1256 2552 1421 2586 fortuita.

363 2602 419 2636 50.
446 2600 549 2635 Dicit
574 2603 693 2644 poeta.
721 2601 821 2644 quod
845 2611 919 2634 non
943 2601 1072 2642 virtus,
1100 2599 1164 2633 sed
1189 2599 1336 2633 fortuna
1361 2598 1501 2632 homini
1520 2598 1633 2638 addit,
1661 2597 1825 2642 quamvis

266 2649 385 2692 primo
421 2659 593 2692 magnum
625 2651 732 2691 atque
758 2648 948 2692 egregium
973 2647 1124 2688 colatur,
1152 2650 1340 2690 postremo
1366 2649 1489 2680 tamen
1512 2648 1555 2679 ut
1580 2644 1826 2679 adventicium

267 2699 376 2738 atque
403 2696 629 2729 extrinsecus
658 2694 825 2728 additum
851 2698 887 2728 et
911 2698 951 2728 ut
978 2695 1027 2728 ait
1054 2693 1235 2728 Publilius
1261 2693 1298 2727 A
1326 2695 1354 2727 1.
1383 2692 1543 2727 alienum
1568 2691 1825 2726 contemnitur.

266 2742 361 2776 Tum
393 2753 480 2776 vero
514 2741 657 2775 numeri
689 2742 740 2775 ita
767 2741 917 2776 sanandi
943 2741 1125 2782 videntur,
1153 2744 1194 2775 ut
1218 2751 1285 2784 pro
1312 2742 1511 2774 exornat
1537 2739 1722 2773 scribatur
1747 2738 1824 2772 de-
