1967 3090
299 1011 324 1029 v

291 1039 319 1046 ..-

288 1088 481 1130 Alienum
514 1090 577 1130 est
609 1100 727 1130 omne
759 1087 948 1141 quicquid
980 1086 1155 1140 optando
1190 1086 1339 1127 evenit.

287 1154 352 1195 Ab
385 1153 464 1195 alio
497 1155 717 1207 exspectes,
752 1153 871 1194 elteri
904 1151 1009 1206 quod
1041 1151 1198 1193 feceris.

288 1219 461 1260 Animus
493 1218 626 1259 vereri
657 1218 724 1271 qui
757 1218 848 1266 scit,
882 1218 960 1258 scit
992 1218 1134 1270 aperta
1165 1214 1336 1269 ingredi.

288 1277 454 1319 Auxilia
485 1277 657 1318 humilia
688 1276 809 1317 firma
841 1276 1060 1318 consensus
1094 1275 1232 1317 facit?¹¹<

217 1345 253 1385 ἴ).
288 1343 417 1383 Amor
448 1342 577 1383 enimi
609 1342 780 1383 arbitrio
814 1341 1000 1388 sumitur,
1035 1353 1113 1382 non
1145 1339 1350 1393 penituin*
1711 1341 1752 1382 ἶ).

289 1408 375 1448 Aut
405 1407 517 1448 emat
549 1409 620 1448 aut
651 1406 737 1447 odit
768 1405 930 1455 miilier,
963 1404 1023 1445 nil
1057 1406 1118 1446 est
1150 1405 1357 1445 tertium*

290 1472 492 1513 Attritam
523 1472 565 1512 in
595 1473 757 1525 partem
790 1471 954 1512 strenua
987 1472 1050 1511 est
1082 1470 1298 1524 suspicio.*

290 1537 416 1578 Ames
447 1538 672 1589 parentem,
707 1536 742 1577 si
774 1536 924 1589 aequus
957 1537 1040 1576 est:
1074 1535 1195 1576 alite'r
1227 1534 1374 1575 feras*

290 1601 513 1654 Adspicere
546 1602 718 1654 oportet,
753 1600 941 1654 quicquid
973 1601 1104 1654 possis
1135 1599 1340 1653 perdere*

322 1769 351 1802 1.
379 1766 522 1801 Laudat
555 1767 650 1801 hunc
675 1778 819 1800 versum
846 1765 928 1801 Sen.
956 1777 1011 1809 ep.
1038 1764 1069 1798 I.
1096 1764 1126 1804 8.
1156 1765 1186 1799 9.
1223 1774 1329 1797 omne
1356 1774 1426 1798 om.
1455 1762 1531 1802 VC.
1560 1762 1639 1797 cod.
1666 1762 1754 1796 Ain-

203 1815 394 1859 plonianus
431 1814 598 1849 Senecae.
627 1813 829 1853 Vicentius.
866 1813 1012 1846 homine
1044 1812 1109 1846 Bo.
1138 1811 1259 1845 evenit
1293 1811 1397 1845 codd.
1430 1810 1612 1849 meliores,
1648 1809 1757 1844 Eras-

204 1874 295 1903 mus,
328 1860 389 1897 Gr.
425 1861 507 1895 Wo.
542 1861 599 1895 Ri.
628 1860 722 1905 Spe..
750 1861 848 1895 venit
877 1860 927 1901 C..
964 1860 1066 1894 codd.
1103 1859 1303 1893 deteriores
1340 1857 1510 1896 Senecae.
1547 1857 1755 1892 Vicentius:

204 1913 417 1953 receperunt
444 1909 507 1943 Be.
529 1908 588 1942 Or.
608 1908 672 1943 Bo.
691 1908 837 1947 Zellius,
866 1908 930 1942 Re.
949 1907 1183 1950 Publilioque
1206 1905 1384 1939 vindicari
1411 1905 1488 1938 vult
1514 1904 1757 1948 Swedbergus

204 1968 270 2000 pro
296 1957 395 2001 vulg.
424 1956 551 1990 evenit.
587 1977 630 1980 —
664 1957 694 1990 2.
722 1955 914 1989 Laudatur
945 1966 1071 1988 versus
1104 1966 1123 1987 a
1151 1954 1235 1988 Sen.
1263 1964 1317 1997 ep.
1344 1952 1429 1988 XV.
1463 1955 1482 1986 2
1511 1953 1591 1997 (94)
1627 1952 1683 1986 43.
1711 1951 1756 1986 cf.

204 2004 342 2047 Meyer.
368 2005 405 2037 in
431 2004 536 2044 libro,
572 2015 679 2047 quem
704 2003 908 2047 inscripsit:
946 2002 1014 2036 Die
1041 2001 1302 2043 Sammlungen
1328 2000 1393 2034 der
1419 1999 1667 2043 Spruchverse
1693 1999 1757 2033 des

206 2051 385 2085 Publilius
421 2050 532 2094 Syrus
566 2063 600 2095 p.
637 2051 692 2086 35.
729 2050 773 2084 ab
807 2051 922 2084 altero
950 2049 1014 2084 Bo.
1049 2056 1216 2092 expectes
1242 2046 1307 2081 LO
1341 2048 1384 2081 cf.
1412 2047 1549 2090 Meyer.
1577 2045 1756 2091 Spruchv,

207 2110 242 2142 p,
270 2099 324 2138 65,
353 2099 408 2139 ⁴23,
440 2100 468 2132 l.
506 2098 567 2132 Er.
595 2098 657 2132 Be.
686 2097 746 2132 Or.
774 2098 856 2132 Wo.
884 2096 943 2131 Ri.
971 2095 1055 2141 Spe.
1091 2099 1244 2140 expecta
1271 2095 1335 2129 Bo.
1363 2098 1506 2138 spectes
1533 2092 1595 2128 Gr.
1624 2105 1668 2128 ex
1693 2093 1758 2127 ali-

208 2149 296 2189 quot
321 2145 557 2187 membranis3
586 2157 708 2190 speres
735 2144 773 2178 H
799 2145 842 2179 cf.
869 2143 1004 2187 Meyer.
1031 2156 1064 2187 p.
1094 2144 1148 2178 18.
1176 2144 1229 2177 58.
1258 2141 1421 2185 inscript.
1448 2142 1484 2175 in
1505 2141 1654 2176 Gruteri
1678 2140 1757 2174 the-

206 2204 314 2227 sauro
340 2205 373 2237 p.
403 2192 481 2228 998.
508 2205 542 2227 n.
571 2192 600 2226 9.
628 2192 709 2228 AB.
735 2192 870 2227 ALIO.
891 2190 1090 2225 SPERES.
1117 2188 1334 2224 ALTERO.
1358 2188 1506 2233 QUOD.
1530 2187 1757 2223 FECERIS.

207 2261 250 2264 —
278 2240 310 2274 -3.
338 2240 398 2283 qui
432 2240 499 2274 scit
525 2240 643 2274 vereri
669 2239 716 2276 V.
752 2244 830 2273 tuta
876 2238 1013 2273 PRFV
1040 2237 1104 2272 Gr.
1132 2237 1193 2273 Or.
1220 2236 1285 2272 Bo.
1312 2236 1407 2276 Wo.,
1441 2240 1520 2270 tuto
1554 2239 1759 2270 correctum

207 2288 244 2321 in
278 2287 343 2321 Pa.
369 2287 436 2330 Bss.
470 2292 685 2331 receperunt
723 2288 842 2322 editor
869 2285 1177 2330 Ingolstadiensis
1205 2288 1241 2318 et
1266 2284 1337 2324 Bi..
1374 2286 1455 2317 tuto
1483 2283 1634 2327 aggredi
1660 2281 1754 2316 HSt.

207 2334 279 2375 Er..
306 2338 405 2368 tutus
430 2335 535 2379 gradi
563 2334 647 2378 Spe.
674 2356 719 2359 —
745 2335 765 2369 4
792 2334 949 2367 humana
975 2332 1018 2365 V.
1049 2332 1152 2366 firma
1181 2332 1291 2366 erasis
1318 2331 1454 2365 litteris
1480 2332 1518 2364 in
1543 2330 1584 2366 B.
1613 2329 1759 2363 infirma

205 2382 310 2416 firma
335 2382 427 2416 coni.
454 2381 542 2417 Tan.
568 2382 696 2416 Faber.
725 2393 914 2416 consessus
940 2379 1006 2413 Pb.
1035 2379 1221 2413 confessus
1247 2378 1301 2412 Pa
1326 2378 1367 2414 Β.
1395 2399 1439 2403 ——
1467 2379 1496 2413 ξ).
1525 2378 1635 2411 animi
1661 2377 1756 2410 arbi-

208 2429 280 2462 trio
307 2440 409 2463 amor
433 2428 503 2464 Ps..
531 2429 641 2463 animi
667 2429 727 2472 qui
754 2429 905 2463 arbitrio
932 2427 978 2462 V.
999 2449 1041 2451 —
1069 2428 1100 2461 6.
1126 2426 1248 2461 nihil
1266 2425 1451 2470 vulgatum
1471 2428 1595 2459 tenent
1613 2423 1676 2458 Gr.
1694 2423 1759 2458 Be.

209 2476 267 2511 Cr.
301 2475 366 2511 Bo.
393 2476 451 2511 Ri.
480 2476 575 2520 Spe..
608 2477 659 2510 nil
684 2476 767 2510 Wo.
795 2479 847 2510 est
876 2487 945 2510 om.
971 2474 1020 2508 H.
1053 2474 1203 2508 testium
1233 2473 1274 2513 F.
1311 2477 1449 2507 certum
1477 2472 1523 2506 V.
1551 2493 1593 2496 —
1629 2472 1661 2506 7.
1688 2482 1758 2506 om.

206 2523 273 2558 Pb.
307 2523 353 2557 ad
378 2524 516 2558 tristem
544 2528 687 2567 partem
718 2529 864 2558 strenua
890 2521 1049 2565 suspicio
1076 2521 1117 2561 L,
1152 2526 1325 2555 strennua
1349 2519 1486 2555 RVEr.
1513 2523 1567 2554 est
1594 2518 1756 2553 Senecae

208 2571 320 2605 editio
345 2570 558 2605 Basiliensis
594 2582 624 2606 a.
661 2572 760 2605 1515.
787 2569 868 2604 Fa:
898 2581 957 2603 om
984 2568 1050 2610 [1:⁷³-
1084 2572 1147 2604 str.
1183 2581 1209 2603 s.
1245 2568 1401 2601 debetur
1428 2567 1466 2601 C.
1502 2587 1545 2592 —
1578 2566 1608 2601 8.
1646 2568 1701 2600 est
1725 2565 1757 2598 B

208 2629 278 2652 sec.
310 2630 357 2653 m.
395 2629 501 2661 supra
534 2629 690 2652 versum.
726 2618 755 2651 si
790 2629 923 2660 aequus
958 2619 1011 2650 est
1040 2615 1101 2649 Gr.
1129 2615 1189 2650 Or.
1209 2615 1274 2650 Bo.
1294 2614 1375 2648 Wo.
1405 2615 1435 2648 si
1461 2617 1611 2657 aequust
1638 2612 1697 2648 Ri.
1726 2612 1756 2645 si

211 2676 344 2708 aequos
371 2666 418 2710 (t)
446 2665 530 2709 Spe.
558 2666 587 2699 si
614 2677 749 2708 aequus
775 2663 1038 2698 Froehlichius.
1067 2662 1096 2696 si
1121 2663 1228 2696 aliter
1252 2662 1294 2703 L,
1324 2662 1388 2696 Gsr.
1415 2662 1477 2696 Be.
1505 2661 1564 2696 Or.
1591 2660 1657 2694 Bo.
1675 2659 1757 2693 Wo.

213 2713 269 2746 sin
295 2711 402 2746 aliter
428 2712 465 2751 C,
493 2712 730 2752 Froelichius‚
758 2711 817 2746 Ri.
845 2710 928 2755 Spe.
958 2732 999 2735 -—
1036 2710 1067 2744 9.
1095 2709 1282 2754 adspicere
1307 2709 1348 2749 L,
1376 2708 1438 2744 Er.
1465 2706 1527 2743 Gr.
1554 2719 1587 2743 v,
1615 2708 1668 2742 53.
1697 2705 1758 2741 Or.

211 2771 234 2792 v
273 2759 327 2794 55.
366 2759 433 2793 Bo.
459 2771 491 2794 v,
519 2760 550 2794 9.
589 2758 672 2793 Wo.
701 2759 762 2804 (cf.
790 2758 935 2801 Proleg.
961 2770 996 2802 p.
1025 2756 1080 2792 5⁵2.
1107 2757 1247 2801 adnot.)
1275 2755 1358 2800 Spe.
1385 2756 1572 2800 despicere
1598 2766 1642 2789 ex
1668 2753 1760 2789 coni.
