1967 3090
735 137 791 143 -
856 114 938 157 185
1004 100 1070 141 —'

120 233 240 277 legem
265 231 383 266 vereri
411 230 529 265 debet.
557 229 609 264 Cf.
636 229 734 265 Plut.
763 228 936 273 apophtb.
964 239 998 272 p.
1028 227 1106 263 198.
1132 227 1175 263 E.
1201 226 1353 270 μάλιστα
1380 227 1519 268 ἐνόμιζε
1544 225 1672 271 (Cato)

120 277 196 312 δεῖν
220 281 370 312 ἕκαστον
396 277 507 311 αῧτὸν
525 275 722 310 αἰδεῖσθαι·
748 273 881 318 μηδένα
895 275 962 319 γὰρ
975 272 1151 317 μηδέποτε
1176 277 1279 319 χωρὶς
1304 274 1431 307 ἑαυτοῖΙ
1458 273 1558 306 εἶναι.
1587 272 1672 308 Sen.

120 337 175 371 ep.
202 325 232 361 Ι.
262 325 314 366 10,
344 327 374 360 1.
403 327 457 366 11,
484 325 516 361 8.
542 324 616 364 ΙΙΙ,
652 325 674 358 4
699 324 777 368 (25)
809 324 839 358 5.
867 322 931 357 sed
964 333 1032 367 ego
1057 322 1169 356 etiam
1202 322 1272 356 hoc
1299 326 1491 356 contentus
1518 332 1605 361 sum,
1632 324 1674 354 ut

120 374 172 408 sic
197 373 316 414 facias,
342 383 577 417 quaecunque
602 371 723 412 facies,
749 374 924 414 tanquam
949 372 1091 413 spectet
1116 369 1263 412 aliquis:
1299 369 1424 402 omnia
1449 368 1553 402 nobis
1579 367 1673 402 mala

120 420 278 454 solitudo
304 419 511 464 persuadet.

216 467 270 502 16.
309 466 425 501 Nemo
458 471 513 501 est
545 466 605 511 qui
639 476 712 499 non
746 465 869 510 ignem
894 463 1045 498 edacem
1075 462 1206 507 (Verg.
1231 463 1325 497 Aen.
1352 461 1404 497 ΙΙ.
1433 462 1511 497 758.
1538 461 1672 507 Georg.

121 513 196 549 ΙΙΙ.
223 515 302 549 565.
336 513 428 549 Hor.
460 513 579 549 Carm.
613 512 686 547 HI.
719 513 751 549 4,
788 513 843 546 75.
878 510 983 546 Ovid.
1016 510 1104 545 Met.
1131 509 1199 544 DL
1226 510 1306 544 202.
1332 508 1437 544 XIV.
1469 509 1548 544 541.
1574 508 1672 543 Fast.

122 561 192 596 IV.
218 561 314 605 785.)
340 561 516 603 lucere,
543 571 616 595 non
633 570 766 594 urere
792 558 960 593 miretur:
991 558 1051 602 qui
1069 557 1215 602 quidem
1232 557 1271 591 in
1288 557 1466 601 prodigiis
1485 555 1674 590 habendus

121 612 225 649 esset,
252 613 292 642 ut
317 608 486 643 innoxius
513 608 576 642 ille
600 607 705 653 ignis,
734 607 778 640 de
804 617 874 649 quo
900 605 1014 640 refert
1039 604 1122 640 Sen.
1149 608 1224 638 nat.
1253 609 1391 648 quaest.
1419 601 1491 638 ΙΙΙ.
1516 604 1566 644 12,
1587 606 1618 638 2.
1639 608 1674 637 et

122 667 177 700 ep.
204 655 252 690 X.
280 656 300 691 3
318 656 397 701 (79)
423 656 454 691 3.
481 654 619 689 Versus
646 654 733 688 inde
761 657 952 698 corruptus
978 653 1134 693 videtur,
1159 651 1257 696 quod
1283 652 1472 696 insigne
1493 654 1673 684 mutatum

120 706 175 737 est
210 703 248 736 in
281 703 293 737 i
303 703 419 747 gnis.
459 702 528 736 Est
551 706 672 736 autem
694 701 882 746 insigne
908 702 1161 734 ornamentum
1192 700 1250 733 vel
1276 698 1386 733 decus
1413 697 1607 742 splendore
1634 709 1675 732 ac

120 750 265 795 fulgore
299 750 350 784 sic
384 749 576 784 excellens.
612 753 652 782 ut
684 760 750 792 pro
786 752 872 782 nota
897 747 954 781 vel
990 748 1093 791 signo
1120 758 1197 781 esse
1223 747 1349 789 possit.
1400 745 1453 779 L't
1479 745 1575 779 enim
1600 756 1673 778 ma-

120 798 340 841 gistratuum
358 808 548 840 rerumque
567 797 667 830 varia
686 795 900 839 insignia
916 798 1167 828 memorantur
1192 793 1254 837 (cf.
1283 792 1380 828 Suet.
1400 792 1479 828 Oct.
1507 792 1562 827 35.
1589 791 1673 828 Τ30.

119 844 217 878 Hist.
244 843 274 879 I.
302 845 391 889 570:
425 844 478 878 ita
508 844 686 888 imprimis
713 848 929 877 ornamenta
953 842 1027 882 illa,
1063 841 1192 884 quibus
1217 840 1318 874 urbis
1344 840 1373 874 F
1377 852 1490 879 orum,
1517 839 1672 881 theatra,

119 892 258 936 templa
291 903 373 926 cum
399 891 470 925 alio
496 894 672 935 tempore,
706 896 784 924 tum
809 890 919 924 certis
945 889 1076 933 quibus
1103 888 1229 923 diebus
1255 888 1358 922 festis
1385 899 1427 921 ac
1454 887 1675 921 solemnibus

119 939 286 973 decorari
320 938 497 979 solebant,
536 938 688 972 deorum
723 938 842 981 signa,
876 937 1062 970 hominum
1099 943 1205 979 atque
1231 935 1443 969 animalium
1470 934 1672 975 simulacra,

119 986 292 1031 picturae,
328 985 555 1020 candelabra.
590 985 810 1019 vestimenta
844 984 1078 1028 amplissimis
1114 983 1234 1017 verbis
1268 995 1288 1017 a
1325 982 1564 1026 scriptoribus
1591 981 1675 1016 effe-

118 1037 250 1067 runtur
283 1044 325 1067 ac
351 1033 583 1067 celebrantur
613 1032 658 1066 cf.
685 1031 809 1066 Halm.
838 1031 884 1065 ad
912 1030 984 1066 Cic.
1012 1030 1117 1065 Verr.
1144 1029 1213 1066 IV.
1241 1031 1271 1070 3.
1301 1030 1332 1065 6.
1371 1030 1426 1063 32.
1455 1029 1508 1063 71.
1549 1027 1672 1072 Quint.

118 1079 188 1115 IX.
217 1081 246 1121 1,
275 1081 330 1115 38.
370 1079 454 1115 Val.
480 1079 579 1114 Max.
612 1079 665 1113 ΙΙ.
692 1080 724 1118 4,
754 1080 785 1114 6.
814 1078 908 1114 Gell.
936 1078 1026 1114 NA.
1054 1077 1164 1113 XHI.
1193 1078 1248 1119 25,
1278 1079 1308 1113 1.
1347 1076 1499 1111 Piderit.
1526 1076 1572 1110 ad
1599 1075 1673 1111 Cic.

121 1128 166 1162 de
201 1131 292 1163 orat.
326 1127 400 1161 ΙΠ.
434 1128 488 1167 25,
523 1128 577 1162 96.
620 1127 749 1170 Itaque
787 1126 978 1171 insigne
1015 1125 1120 1160 nobis
1161 1128 1217 1159 est
1254 1124 1577 1159 Prachtstiick
1615 1124 1675 1157 vel

119 1174 323 1210 Zierath.
373 1174 454 1208 Iam
481 1175 686 1209 elucere.
722 1173 819 1217 quod
850 1173 909 1207 1110
943 1176 983 1207 ut
1008 1184 1074 1217 pro
1101 1172 1214 1207 verbo
1242 1172 1401 1216 simplici
1425 1175 1584 1215 ponatur
1608 1183 1674 1204 nu-

119 1222 209 1256 meri
236 1222 389 1256 suadent
413 1221 474 1264 (cf.
501 1221 639 1256 Nauck.
666 1220 754 1256 Mel.
782 1220 1026 1255 Greco-Rom.
1053 1220 1090 1253 in
1119 1221 1205 1254 Act.
1234 1219 1334 1254 Petr.
1370 1218 1470 1254 1869.
1495 1222 1582 1252 tom.
1602 1217 1674 1252 ΙΙΙ.

119 1281 154 1313 p.
185 1269 279 1313 196.)
312 1269 409 1303 idem
442 1269 516 1303 iere
543 1268 734 1313 significat,
775 1267 870 1312 quod
896 1268 1072 1307 lucere,
1108 1267 1179 1300 nisi
1204 1268 1283 1310 quis
1309 1265 1444 1300 valde
1471 1265 1592 1300 lucere
1617 1266 1675 1300 vel

119 1316 274 1351 lucendo
310 1327 540 1360 apparere
572 1316 721 1349 mavult.
759 1315 822 1349 sed
853 1315 1031 1348 translate
1066 1315 1302 1358 conspicuum
1329 1324 1407 1348 esse
1432 1313 1489 1347 vel
1516 1313 1675 1347 eminere

120 1364 256 1397 virtute
281 1363 458 1407 rebusque
484 1364 598 1407 gestis
626 1363 770 1403 dicitur,
798 1366 837 1396 ut
863 1362 956 1406 apud
984 1361 1090 1395 Corn.
1110 1361 1203 1405 Nep.
1221 1360 1327 1396 Paus.
1358 1362 1385 1395 1.
1415 1365 1455 1393 ut
1481 1359 1676 1395 virtutibus

119 1410 292 1451 eluxit,
332 1411 383 1444 sic
416 1411 514 1444 vitiis
550 1414 604 1444 est
639 1410 799 1444 obrutus
852 1409 926 1444 Cic.
953 1409 1052 1443 Fam.
1087 1407 1155 1444 IV.
1182 1409 1213 1443 3.
1250 1409 1353 1452 quasi
1377 1408 1500 1441 lumen
1527 1407 1677 1450 aliquod

120 1457 310 1491 exstinctis
329 1458 459 1491 ceteris
478 1458 667 1492 elucere
694 1457 926 1491 sanctitatem
945 1460 979 1490 et
997 1456 1231 1500 prudentiam
1257 1461 1293 1490 et
1319 1455 1539 1500 dignitatem
1564 1459 1675 1491 tuam.

121 1504 194 1540 Cic.
229 1503 330 1539 Lael.
365 1504 471 1540 X„[V.
510 1505 566 1540 43.
601 1503 768 1539 XXVII.
800 1504 876 1539 101.
917 1503 984 1538 Off.
1020 1503 1049 1538 L
1077 1503 1132 1538 29.
1171 1502 1218 1537 Ι11
1243 1503 1354 1537 verbo
1381 1503 1569 1536 elucere
1595 1514 1677 1536 cum

119 1552 207 1586 insit
232 1563 274 1586 ea
299 1552 391 1586 lucis
418 1551 473 1585 vis
499 1563 540 1586 ac
566 1557 738 1596 potestas,
765 1556 805 1585 ut
831 1556 867 1585 et
892 1551 1050 1584 illustret
1076 1554 1111 1584 et
1138 1550 1342 1584 illustretur
1368 1550 1456 1594 ipsa,
1484 1552 1561 1583 tum
1579 1549 1676 1592 quod

120 1599 221 1633 nulla
245 1599 307 1633 lux
333 1598 470 1642 absque
496 1599 580 1643 igne
607 1599 764 1643 cogitari
789 1603 921 1642 potest.
956 1598 1123 1631 flammae
1150 1609 1294 1641 quoque
1320 1597 1507 1631 notionem
1533 1596 1678 1630 videtur

121 1646 325 1690 complecti.
377 1645 621 1689 Quamobrem
645 1648 754 1690 poeta
780 1657 847 1690 pro
875 1656 938 1679 suo
965 1645 1132 1679 acumine
1157 1645 1196 1678 in
1221 1648 1321 1679 certa
1347 1644 1468 1687 aliqua
1492 1654 1532 1677 re
1558 1644 1676 1678 lucem

120 1694 173 1728 ita
198 1693 243 1727 ab
268 1694 344 1739 igni
370 1694 572 1728 seiunctam
598 1693 770 1733 ostendit.
798 1698 838 1727 ut
862 1693 964 1726 illam
990 1692 1176 1727 elucere
1201 1703 1318 1736 posse,
1345 1703 1419 1725 non
1440 1695 1564 1724 tamen
1581 1703 1676 1725 com-

120 1741 250 1776 burere
283 1742 392 1777 dicat.
450 1740 567 1785 Quam
597 1752 677 1775 rem
709 1752 782 1774 non
816 1740 990 1784 corporis,
1025 1739 1089 1774 sed
1123 1739 1234 1773 animi
1266 1739 1476 1783 ingeniique
1510 1738 1676 1782 intellegi

121 1789 268 1833 poetam
296 1788 454 1822 voluisse
475 1791 587 1832 patet.
637 1788 733 1822 Nam
758 1795 797 1822 ut
824 1788 876 1821 ait
901 1786 1039 1821 Seneca
1064 1787 1109 1820 de
1135 1793 1253 1830 tranq.
1281 1787 1388 1821 anim.
1415 1785 1489 1820 ΙΙΙ.
1505 1785 1535 1819 6.
1565 1797 1677 1825 ..111111-

121 1847 230 1880 quam
256 1836 419 1879 quamvis
446 1836 600 1870 obscura
618 1836 732 1869 virtus
758 1835 860 1875 latet,
890 1834 953 1869 sed
977 1835 1092 1868 mittit
1118 1845 1181 1867 sua
1209 1834 1333 1878 signa‘⁴
1363 1833 1447 1867 coll.
1475 1832 1549 1868 Cic.
1575 1832 1675 1867 Lael.

121 1881 286 1918 XXVII.
319 1883 397 1917 100.
426 1884 504 1918 102.
531 1882 603 1918 Sed
621 1882 783 1926 quamvis
801 1882 931 1923 luceat,
960 1881 1059 1916 clara
1077 1885 1186 1925 atque
1204 1881 1358 1926 insignis
1377 1881 1436 1922 sit,
1462 1892 1535 1914 non
1552 1884 1677 1914 tamen

120 1934 162 1964 ut
186 1930 362 1975 pestifera
386 1931 440 1964 vis
474 1930 610 1971 atterit,
644 1934 760 1964 nocet.
795 1929 1004 1973 exstinguit.
1047 1927 1237 1963 Sententia
1263 1939 1372 1972 quam
1396 1939 1481 1962 vere
1507 1939 1679 1971 expressa

122 1978 179 2018 sit,
213 1977 250 2011 in
276 1977 424 2011 summis
450 1977 524 2011 illis
550 1977 648 2016 viris,
684 1988 839 2021 quorum
863 1988 921 2010 res
948 1979 986 2010 et
1010 1976 1049 2009 in
1073 1976 1172 2010 bello
1198 1980 1234 2010 et
1259 1976 1297 2009 in
1322 1986 1413 2020 pace
1440 1975 1586 2020 egregie
1613 1986 1673 2019 ge-

122 2028 198 2059 stae
231 2036 252 2058 a
285 2024 525 2068 scriptoribus
559 2025 605 2058 ad
638 2035 782 2058 omnem
815 2023 1042 2067 posteritatis
1076 2023 1289 2057 memoriam
1320 2026 1546 2067 propagatae
1580 2026 1674 2062 sunt,

121 2071 278 2106 maxime
306 2072 476 2115 cognosci
501 2083 576 2106 non
602 2076 655 2105 est
682 2071 779 2115 quod
805 2082 995 2115 exponam.

219 2119 272 2153 17.
300 2117 398 2152 Vera
424 2118 487 2152 ubi
512 2118 637 2152 audire
663 2118 830 2158 volueris,
857 2128 941 2152 vere
969 2117 1115 2151 dicendi
1132 2117 1341 2151 libertatem
1359 2116 1446 2151 dare
1471 2116 1593 2152 debes,
1621 2115 1675 2153 Cf.

122 2165 205 2201 Sen.
233 2166 278 2200 de
303 2165 397 2200 clem
421 2165 452 2201 I.
480 2166 511 2207 9,
540 2166 570 2200 7.
598 2165 745 2199 dabitur
770 2165 838 2199 tibi
864 2165 1036 2208 loquendi
1061 2164 1218 2198 liberum
1243 2168 1399 2208 tempus.

215 2212 264 2247 M.
297 2215 325 2247 1.
351 2212 587 2257 Malignos
614 2213 636 2247 i.
664 2224 693 2248 e.
720 2224 850 2256 parcos
876 2212 933 2246 vel
959 2212 1172 2252 illiberales,
1199 2223 1264 2245 nos
1283 2211 1437 2246 dicimus
1464 2211 1678 2245 Knauser

122 2260 181 2294 vel
206 2259 424 2294 Knicker.
477 2259 530 2294 Cf.
557 2259 679 2295 Plaut.
706 2260 838 2294 Bacch.
865 2258 939 2294 ΙΙΙ.
959 2260 989 2299 2,
1020 2260 1073 2294 17.
1101 2259 1217 2293 iustus
1242 2259 1408 2299 iniustus,
1438 2258 1678 2302 malignus

122 2307 255 2352 largus,
282 2307 493 2342 commodus
519 2307 770 2342 incommodus
796 2307 817 2340 i.
847 2318 876 2341 e.
911 2306 1030 2347 „sisne
1055 2306 1245 2340 illiberalis
1272 2318 1318 2340 an
1343 2305 1532 2339 liberalis‘·‘
1566 2304 1674 2339 Lam-

123 2354 241 2390 binus.
278 2354 445 2398 „Ingrati
471 2355 622 2395 faciunt,
655 2358 694 2388 ut
720 2355 781 2398 qui
806 2354 956 2399 benigni
982 2353 1127 2395 fuerint,
1155 2354 1377 2387 contractius
1405 2353 1552 2388 donent.
1596 2351 1677 2386 Hos

123 2402 219 2435 enim
245 2401 424 2447 malignos
450 2406 554 2436 vocat
580 2402 603 2437 i.
631 2413 659 2436 e.
686 2406 852 2446 parcos.“
889 2400 1074 2436 Erasmus

218 2449 250 2483 2.
285 2448 582 2483 Contumelia
617 2453 652 2483 et
686 2449 863 2482 iniuria
896 2449 1038 2492 saepius
1073 2447 1348 2482 confunduntur
1382 2448 1428 2483 cf.
1455 2447 1562 2481 Publ.
1597 2445 1630 2490 Q
1656 2448 1676 2482 3

123 2496 238 2541 (503).
264 2495 421 2537 „Omnes
448 2500 661 2540 exspectant
687 2496 858 2530 iniuriam
885 2495 930 2529 ab
956 2506 1011 2535 eo,
1038 2495 1099 2539 qui
1125 2496 1187 2529 uni
1214 2495 1378 2530 fecerit.⁴·‘
1404 2495 1588 2530 Erasmus.

219 2543 251 2579 3.
278 2542 435 2578 Molesta
469 2549 524 2578 est
555 2555 657 2578 mora
681 2544 719 2577 in
745 2543 844 2577 omni
870 2554 919 2583 re,
953 2546 1077 2577 tamen
1102 2553 1144 2576 ea
1169 2554 1235 2577 nos
1261 2542 1383 2576 reddit
1409 2543 1604 2586 sapientes,
1630 2553 1675 2576 ne

124 2590 211 2633 quid
243 2601 392 2635 agamus
426 2594 562 2625 temere
588 2596 651 2625 aut
684 2590 926 2624 inconsulto&
963 2589 1148 2625 Erasmus,
1187 2589 1240 2624 Cf.
1273 2589 1380 2625 Publ.
1416 2589 1455 2623 M
1480 2590 1523 2624 41
1561 2588 1676 2633 (349).

123 2636 159 2672 R
184 2638 204 2671 2
230 2637 340 2681 (570).
368 2636 452 2673 8611.
477 2638 608 2683 Agam.
640 2638 715 2673 130.
743 2637 840 2682 quod
865 2637 959 2670 ratio
985 2637 1134 2681 nequiit,
1163 2648 1270 2681 saepe
1297 2637 1438 2671 sanavit
1468 2647 1581 2671 mora.

218 2685 251 2720 4.
278 2684 517 2725 „Innocentia
541 2696 615 2719 non
641 2690 722 2729 eget
749 2684 1009 2725 misericordia,
1036 2684 1099 2719 sed
1125 2695 1279 2728 aequum
1299 2684 1484 2718 desiderat
1509 2683 1675 2718 iudicem.

126 2730 183 2766 At
220 2743 302 2765 cum
339 2731 473 2766 fiducia
509 2733 562 2766 rei
596 2737 673 2767 tota
713 2739 766 2766 est
804 2732 841 2765 in
879 2731 1132 2765 misericordia
1164 2731 1305 2772 iudicis,
1340 2731 1534 2775 pessimam
1569 2729 1677 2765 habet
