<?xml version="1.0" encoding="UTF-8"?>
<!DOCTYPE html PUBLIC "-//W3C//DTD XHTML 1.0 Transitional//EN"
    "http://www.w3.org/TR/xhtml1/DTD/xhtml1-transitional.dtd">
<html xmlns="http://www.w3.org/1999/xhtml" xml:lang="en" lang="en">
 <head>
  <title>
</title>
<meta http-equiv="Content-Type" content="text/html;charset=utf-8" />
  <meta name='ocr-system' content='tesseract 3.04.00' />
  <meta name='ocr-capabilities' content='ocr_page ocr_carea ocr_par ocr_line ocrx_word'/>
</head>
<body>
  <div class='ocr_page' id='page_1' title='image "./sententiae1880publuoft_0201.png"; bbox 0 0 1967 3090; ppageno 0'>
   <div class='ocr_carea' id='block_1_1' title="bbox 791 127 1108 170">
    <p class='ocr_par' dir='ltr' id='par_1_1' title="bbox 791 127 1108 170">
     <span class='ocr_line' id='line_1_1' title="bbox 791 127 1108 170; baseline -0.006 0"><span class='ocrx_word' id='word_1_1' title='bbox 791 127 1108 170; x_wconf 83' lang='lat'>—197—</span> 
     </span>
    </p>
   </div>
   <div class='ocr_carea' id='block_1_2' title="bbox 173 239 1735 2789">
    <p class='ocr_par' dir='ltr' id='par_1_2' title="bbox 173 239 1733 1986">
     <span class='ocr_line' id='line_1_2' title="bbox 175 239 1721 286; baseline -0.001 -11"><span class='ocrx_word' id='word_1_2' title='bbox 175 253 302 286; x_wconf 84' lang='lat' dir='ltr'>parum</span> <span class='ocrx_word' id='word_1_3' title='bbox 328 242 512 286; x_wconf 80' lang='lat' dir='ltr'>probetur,</span> <span class='ocrx_word' id='word_1_4' title='bbox 540 241 717 276; x_wconf 86' lang='lat' dir='ltr'>librorum</span> <span class='ocrx_word' id='word_1_5' title='bbox 742 243 961 286; x_wconf 77' lang='lat' dir='ltr'>scripturam</span> <span class='ocrx_word' id='word_1_6' title='bbox 979 243 1154 276; x_wconf 78' lang='lat' dir='ltr'>intactam</span> <span class='ocrx_word' id='word_1_7' title='bbox 1172 241 1329 284; x_wconf 87' lang='lat' dir='ltr'>reliquit.</span> <span class='ocrx_word' id='word_1_8' title='bbox 1381 239 1437 274; x_wconf 88' lang='lat' dir='ltr'>De</span> <span class='ocrx_word' id='word_1_9' title='bbox 1456 240 1635 274; x_wconf 87' lang='lat' dir='ltr'>sententia</span> <span class='ocrx_word' id='word_1_10' title='bbox 1652 239 1721 273; x_wconf 92' lang='lat' dir='ltr'>hoc</span> 
     </span>
     <span class='ocr_line' id='line_1_3' title="bbox 173 287 1718 334; baseline -0.002 -11"><span class='ocrx_word' id='word_1_11' title='bbox 173 289 292 323; x_wconf 87' lang='lat' dir='ltr'>dicere</span> <span class='ocrx_word' id='word_1_12' title='bbox 306 300 495 333; x_wconf 88' lang='lat' dir='ltr'>possumus</span> <span class='ocrx_word' id='word_1_13' title='bbox 510 300 582 323; x_wconf 92' lang='lat' dir='ltr'>non</span> <span class='ocrx_word' id='word_1_14' title='bbox 597 289 721 323; x_wconf 85' lang='lat' dir='ltr'>statim</span> <span class='ocrx_word' id='word_1_15' title='bbox 736 289 909 334; x_wconf 82' lang='lat' dir='ltr'>intellegi,</span> <span class='ocrx_word' id='word_1_16' title='bbox 935 300 1025 333; x_wconf 86' lang='lat' dir='ltr'>quae</span> <span class='ocrx_word' id='word_1_17' title='bbox 1040 289 1116 322; x_wconf 85' lang='lat' dir='ltr'>eius</span> <span class='ocrx_word' id='word_1_18' title='bbox 1132 289 1177 322; x_wconf 85' lang='lat' dir='ltr'>sit</span> <span class='ocrx_word' id='word_1_19' title='bbox 1204 289 1309 323; x_wconf 85' lang='lat' dir='ltr'>ratio.</span> <span class='ocrx_word' id='word_1_20' title='bbox 1362 287 1455 322; x_wconf 85' lang='lat' dir='ltr'>Nam</span> <span class='ocrx_word' id='word_1_21' title='bbox 1482 288 1511 321; x_wconf 90' lang='lat' dir='ltr'>si</span> <span class='ocrx_word' id='word_1_22' title='bbox 1531 287 1577 321; x_wconf 87' lang='lat' dir='ltr'>ad</span> <span class='ocrx_word' id='word_1_23' title='bbox 1599 298 1718 321; x_wconf 88' lang='lat' dir='ltr'>rerum</span> 
     </span>
     <span class='ocr_line' id='line_1_4' title="bbox 173 336 1722 388; baseline -0.002 -18"><span class='ocrx_word' id='word_1_24' title='bbox 173 337 418 379; x_wconf 79' lang='lat' dir='ltr'>cognitionem</span> <span class='ocrx_word' id='word_1_25' title='bbox 451 336 643 377; x_wconf 86' lang='lat' dir='ltr'>referatur,</span> <span class='ocrx_word' id='word_1_26' title='bbox 677 340 715 370; x_wconf 86' lang='lat' dir='ltr'>ut</span> <span class='ocrx_word' id='word_1_27' title='bbox 749 336 856 370; x_wconf 88' lang='lat' dir='ltr'>rebus</span> <span class='ocrx_word' id='word_1_28' title='bbox 891 337 1047 382; x_wconf 88' lang='lat' dir='ltr'>cognitis</span> <span class='ocrx_word' id='word_1_29' title='bbox 1075 336 1204 388; x_wconf 80' lang='lat' dir='ltr'>aliquis</span> <span class='ocrx_word' id='word_1_30' title='bbox 1230 336 1347 368; x_wconf 87' lang='lat' dir='ltr'>minus</span> <span class='ocrx_word' id='word_1_31' title='bbox 1374 346 1482 379; x_wconf 80' lang='lat' dir='ltr'>saepe</span> <span class='ocrx_word' id='word_1_32' title='bbox 1509 338 1722 388; x_wconf 77' lang='lat' dir='ltr'>peccaturus</span> 
     </span>
     <span class='ocr_line' id='line_1_5' title="bbox 174 367 1723 428; baseline -0.001 -11"><span class='ocrx_word' id='word_1_33' title='bbox 174 395 250 417; x_wconf 89' lang='lat' dir='ltr'>esse</span> <span class='ocrx_word' id='word_1_34' title='bbox 277 384 428 423; x_wconf 87' lang='lat' dir='ltr'>dicatur,</span> <span class='ocrx_word' id='word_1_35' title='bbox 464 395 545 417; x_wconf 86' lang='lat' dir='ltr'>cum</span> <span class='ocrx_word' id='word_1_36' title='bbox 570 394 636 427; x_wconf 90' lang='lat' dir='ltr'>per</span> <span class='ocrx_word' id='word_1_37' title='bbox 661 394 698 417; x_wconf 90' lang='lat' dir='ltr'>se</span> <span class='ocrx_word' id='word_1_38' title='bbox 724 387 858 427; x_wconf 84' lang='lat' dir='ltr'>pateat,</span> <span class='ocrx_word' id='word_1_39' title='bbox 885 367 1009 428; x_wconf 55' lang='lat' dir='ltr'>ineopta</span> <span class='ocrx_word' id='word_1_40' title='bbox 1035 387 1106 424; x_wconf 82' lang='lat' dir='ltr'>est:</span> <span class='ocrx_word' id='word_1_41' title='bbox 1142 383 1197 415; x_wconf 90' lang='lat' dir='ltr'>sin</span> <span class='ocrx_word' id='word_1_42' title='bbox 1223 382 1269 415; x_wconf 86' lang='lat' dir='ltr'>ad</span> <span class='ocrx_word' id='word_1_43' title='bbox 1294 382 1485 425; x_wconf 85' lang='lat' dir='ltr'>agendum,</span> <span class='ocrx_word' id='word_1_44' title='bbox 1521 393 1627 416; x_wconf 89' lang='lat' dir='ltr'>nemo</span> <span class='ocrx_word' id='word_1_45' title='bbox 1653 381 1723 415; x_wconf 89' lang='lat' dir='ltr'>nisi</span> 
     </span>
     <span class='ocr_line' id='line_1_6' title="bbox 174 429 1723 475; baseline -0.001 -12"><span class='ocrx_word' id='word_1_46' title='bbox 174 442 265 474; x_wconf 90' lang='lat' dir='ltr'>puer</span> <span class='ocrx_word' id='word_1_47' title='bbox 298 434 353 465; x_wconf 86' lang='lat' dir='ltr'>est</span> <span class='ocrx_word' id='word_1_48' title='bbox 386 431 447 475; x_wconf 83' lang='lat' dir='ltr'>(cf.</span> <span class='ocrx_word' id='word_1_49' title='bbox 477 430 561 465; x_wconf 90' lang='lat' dir='ltr'>Sen.</span> <span class='ocrx_word' id='word_1_50' title='bbox 594 430 638 465; x_wconf 90' lang='lat' dir='ltr'>de</span> <span class='ocrx_word' id='word_1_51' title='bbox 670 430 887 470; x_wconf 85' lang='lat' dir='ltr'>ir.11.30.</span> <span class='ocrx_word' id='word_1_52' title='bbox 925 432 954 465; x_wconf 95' lang='grc'>1.</span> <span class='ocrx_word' id='word_1_53' title='bbox 989 442 1080 475; x_wconf 90' lang='lat' dir='ltr'>puer</span> <span class='ocrx_word' id='word_1_54' title='bbox 1105 434 1178 472; x_wconf 71' lang='lat' dir='ltr'>est,</span> <span class='ocrx_word' id='word_1_55' title='bbox 1213 429 1327 462; x_wconf 84' lang='lat' dir='ltr'>nescit</span> <span class='ocrx_word' id='word_1_56' title='bbox 1363 440 1407 462; x_wconf 89' lang='lat' dir='ltr'>an</span> <span class='ocrx_word' id='word_1_57' title='bbox 1433 431 1576 473; x_wconf 88' lang='lat' dir='ltr'>peccet)</span> <span class='ocrx_word' id='word_1_58' title='bbox 1602 432 1723 463; x_wconf 85' lang='lat' dir='ltr'>utrum</span> 
     </span>
     <span class='ocr_line' id='line_1_7' title="bbox 175 476 1723 521; baseline -0.001 -10"><span class='ocrx_word' id='word_1_59' title='bbox 175 482 299 521; x_wconf 90' lang='lat' dir='ltr'>peccet</span> <span class='ocrx_word' id='word_1_60' title='bbox 335 489 450 512; x_wconf 89' lang='lat' dir='ltr'>necne</span> <span class='ocrx_word' id='word_1_61' title='bbox 484 489 527 511; x_wconf 82' lang='lat' dir='ltr'>ex</span> <span class='ocrx_word' id='word_1_62' title='bbox 561 478 603 511; x_wconf 86' lang='lat' dir='ltr'>iis</span> <span class='ocrx_word' id='word_1_63' title='bbox 637 488 729 521; x_wconf 88' lang='lat' dir='ltr'>quae</span> <span class='ocrx_word' id='word_1_64' title='bbox 762 481 882 512; x_wconf 89' lang='lat' dir='ltr'>mente</span> <span class='ocrx_word' id='word_1_65' title='bbox 915 479 1160 521; x_wconf 79' lang='lat' dir='ltr'>memmiaque</span> <span class='ocrx_word' id='word_1_66' title='bbox 1193 480 1334 515; x_wconf 86' lang='lat' dir='ltr'>teneat,</span> <span class='ocrx_word' id='word_1_67' title='bbox 1375 476 1533 519; x_wconf 90' lang='lat' dir='ltr'>pendere</span> <span class='ocrx_word' id='word_1_68' title='bbox 1569 476 1723 520; x_wconf 87' lang='lat' dir='ltr'>putabit.</span> 
     </span>
     <span class='ocr_line' id='line_1_8' title="bbox 173 523 1724 578; baseline -0.001 -20"><span class='ocrx_word' id='word_1_69' title='bbox 173 524 275 578; x_wconf 77' lang='lat' dir='ltr'>Quae</span> <span class='ocrx_word' id='word_1_70' title='bbox 301 525 445 568; x_wconf 83' lang='lat' dir='ltr'>quidem</span> <span class='ocrx_word' id='word_1_71' title='bbox 472 525 688 559; x_wconf 79' lang='lat' dir='ltr'>offensiones</span> <span class='ocrx_word' id='word_1_72' title='bbox 714 524 899 565; x_wconf 88' lang='lat' dir='ltr'>tollentur,</span> <span class='ocrx_word' id='word_1_73' title='bbox 927 525 1013 558; x_wconf 86' lang='lat' dir='ltr'>dum</span> <span class='ocrx_word' id='word_1_74' title='bbox 1038 536 1179 558; x_wconf 87' lang='lat' dir='ltr'>mecum</span> <span class='ocrx_word' id='word_1_75' title='bbox 1207 523 1413 566; x_wconf 81' lang='lat' dir='ltr'>scripseiis:</span> <span class='ocrx_word' id='word_1_76' title='bbox 1452 523 1628 565; x_wconf 79' lang='lat' dir='ltr'>„Minus</span> <span class='ocrx_word' id='word_1_77' title='bbox 1656 535 1724 557; x_wconf 87' lang='lat' dir='ltr'>su-</span> 
     </span>
     <span class='ocr_line' id='line_1_9' title="bbox 175 550 1724 616; baseline -0.001 -11"><span class='ocrx_word' id='word_1_78' title='bbox 175 573 309 616; x_wconf 88' lang='lat' dir='ltr'>pines</span> <span class='ocrx_word' id='word_1_79' title='bbox 336 584 362 607; x_wconf 92' lang='grc'>3.</span> <span class='ocrx_word' id='word_1_80' title='bbox 390 584 415 607; x_wconf 77' lang='lat' dir='ltr'>S.</span> <span class='ocrx_word' id='word_1_81' title='bbox 442 572 539 616; x_wconf 87' lang='lat' dir='ltr'>quod</span> <span class='ocrx_word' id='word_1_82' title='bbox 564 575 612 606; x_wconf 89' lang='lat' dir='ltr'>n.</span> <span class='ocrx_word' id='word_1_83' title='bbox 673 570 837 605; x_wconf 83' lang='lat' dir='ltr'>Verbum</span> <span class='ocrx_word' id='word_1_84' title='bbox 863 576 985 606; x_wconf 85' lang='lat' dir='ltr'>autem</span> <span class='ocrx_word' id='word_1_85' title='bbox 1013 572 1227 616; x_wconf 85' lang='lat' dir='ltr'>supinare</span> <span class='ocrx_word' id='word_1_86' title='bbox 1253 570 1297 603; x_wconf 91' lang='lat' dir='ltr'>ab</span> <span class='ocrx_word' id='word_1_87' title='bbox 1323 550 1504 604; x_wconf 84' lang='lat' dir='ltr'>adiectivo</span> <span class='ocrx_word' id='word_1_88' title='bbox 1527 571 1724 614; x_wconf 86' lang='lat' dir='ltr'>supinus</span> 
     </span>
     <span class='ocr_line' id='line_1_10' title="bbox 174 618 1726 663; baseline -0.001 -11"><span class='ocrx_word' id='word_1_89' title='bbox 174 620 323 653; x_wconf 86' lang='lat' dir='ltr'>ductum</span> <span class='ocrx_word' id='word_1_90' title='bbox 357 631 438 653; x_wconf 79' lang='lat' dir='ltr'>(um</span> <span class='ocrx_word' id='word_1_91' title='bbox 471 620 618 663; x_wconf 77' lang='lat' dir='ltr'>propiie</span> <span class='ocrx_word' id='word_1_92' title='bbox 653 618 835 662; x_wconf 81' lang='lat' dir='ltr'>significet</span> <span class='ocrx_word' id='word_1_93' title='bbox 870 619 1022 653; x_wconf 90' lang='lat' dir='ltr'>alicuius</span> <span class='ocrx_word' id='word_1_94' title='bbox 1055 622 1163 662; x_wconf 87' lang='lat' dir='ltr'>caput</span> <span class='ocrx_word' id='word_1_95' title='bbox 1189 618 1246 652; x_wconf 77' lang='lat' dir='ltr'>vel</span> <span class='ocrx_word' id='word_1_96' title='bbox 1272 620 1398 661; x_wconf 90' lang='lat' dir='ltr'>pectus</span> <span class='ocrx_word' id='word_1_97' title='bbox 1425 618 1613 658; x_wconf 77' lang='lat' dir='ltr'>attollere,</span> <span class='ocrx_word' id='word_1_98' title='bbox 1648 620 1726 651; x_wconf 87' lang='lat' dir='ltr'>tum</span> 
     </span>
     <span class='ocr_line' id='line_1_11' title="bbox 173 664 1727 710; baseline -0.002 -10"><span class='ocrx_word' id='word_1_99' title='bbox 173 666 345 701; x_wconf 67' lang='lat' dir='ltr'>reflexixa</span> <span class='ocrx_word' id='word_1_100' title='bbox 380 667 417 700; x_wconf 76' lang='grc'>11</span> <span class='ocrx_word' id='word_1_101' title='bbox 451 667 616 700; x_wconf 88' lang='lat' dir='ltr'>adsumta</span> <span class='ocrx_word' id='word_1_102' title='bbox 650 665 743 700; x_wconf 86' lang='lat' dir='ltr'>valet</span> <span class='ocrx_word' id='word_1_103' title='bbox 777 667 895 710; x_wconf 86' lang='lat' dir='ltr'>capite</span> <span class='ocrx_word' id='word_1_104' title='bbox 930 667 1098 710; x_wconf 86' lang='lat' dir='ltr'>resupino</span> <span class='ocrx_word' id='word_1_105' title='bbox 1134 664 1323 709; x_wconf 83' lang='lat' dir='ltr'>superbire</span> <span class='ocrx_word' id='word_1_106' title='bbox 1358 664 1415 698; x_wconf 89' lang='lat' dir='ltr'>vel</span> <span class='ocrx_word' id='word_1_107' title='bbox 1448 664 1623 699; x_wconf 87' lang='lat' dir='ltr'>fastidire.</span> <span class='ocrx_word' id='word_1_108' title='bbox 1675 665 1727 699; x_wconf 85' lang='lat' dir='ltr'>Ut</span> 
     </span>
     <span class='ocr_line' id='line_1_12' title="bbox 174 711 1727 757; baseline -0.001 -10"><span class='ocrx_word' id='word_1_109' title='bbox 174 713 267 747; x_wconf 81' lang='lat' dir='ltr'>dixit</span> <span class='ocrx_word' id='word_1_110' title='bbox 293 713 377 749; x_wconf 88' lang='grc'><strong>8611.</strong></span> <span class='ocrx_word' id='word_1_111' title='bbox 404 714 448 747; x_wconf 88' lang='grc'>(16</span> <span class='ocrx_word' id='word_1_112' title='bbox 474 713 590 748; x_wconf 85' lang='lat' dir='ltr'>benef.</span> <span class='ocrx_word' id='word_1_113' title='bbox 618 713 670 747; x_wconf 92' lang='grc' dir='ltr'>ΙΙ.</span> <span class='ocrx_word' id='word_1_114' title='bbox 700 714 751 754; x_wconf 81' lang='lat'>13,</span> <span class='ocrx_word' id='word_1_115' title='bbox 781 715 812 748; x_wconf 85' lang='grc'>2.</span> <span class='ocrx_word' id='word_1_116' title='bbox 840 714 929 748; x_wconf 91' lang='lat' dir='ltr'>libet</span> <span class='ocrx_word' id='word_1_117' title='bbox 954 715 1077 757; x_wconf 87' lang='lat' dir='ltr'>itaque</span> <span class='ocrx_word' id='word_1_118' title='bbox 1103 713 1342 757; x_wconf 82' lang='lat' dir='ltr'>interrogare,</span> <span class='ocrx_word' id='word_1_119' title='bbox 1371 711 1458 755; x_wconf 81' lang='lat' dir='ltr'>quid</span> <span class='ocrx_word' id='word_1_120' title='bbox 1481 723 1517 746; x_wconf 88' lang='lat' dir='ltr'>se</span> <span class='ocrx_word' id='word_1_121' title='bbox 1535 714 1727 755; x_wconf 80' lang='lat' dir='ltr'>tantopere</span> 
     </span>
     <span class='ocr_line' id='line_1_13' title="bbox 173 758 1726 805; baseline -0.003 -10"><span class='ocrx_word' id='word_1_122' title='bbox 173 761 434 805; x_wconf 75' lang='lat' dir='ltr'>resupinet,</span> <span class='ocrx_word' id='word_1_123' title='bbox 475 760 561 805; x_wconf 88' lang='lat' dir='ltr'>quid</span> <span class='ocrx_word' id='word_1_124' title='bbox 594 760 734 794; x_wconf 87' lang='lat' dir='ltr'>voltum</span> <span class='ocrx_word' id='word_1_125' title='bbox 765 761 1002 805; x_wconf 87' lang='lat' dir='ltr'>habitumque</span> <span class='ocrx_word' id='word_1_126' title='bbox 1033 761 1105 794; x_wconf 86' lang='lat' dir='ltr'>oris</span> <span class='ocrx_word' id='word_1_127' title='bbox 1138 762 1344 804; x_wconf 83' lang='lat' dir='ltr'>pervertat.</span> <span class='ocrx_word' id='word_1_128' title='bbox 1384 762 1424 792; x_wconf 91' lang='lat' dir='ltr'>ut</span> <span class='ocrx_word' id='word_1_129' title='bbox 1457 758 1563 792; x_wconf 89' lang='lat' dir='ltr'>malit</span> <span class='ocrx_word' id='word_1_130' title='bbox 1594 759 1726 793; x_wconf 88' lang='lat' dir='ltr'>habere</span> 
     </span>
     <span class='ocr_line' id='line_1_14' title="bbox 174 806 1726 852; baseline -0.002 -10"><span class='ocrx_word' id='word_1_131' title='bbox 174 819 367 852; x_wconf 85' lang='lat' dir='ltr'>personam</span> <span class='ocrx_word' id='word_1_132' title='bbox 393 820 500 852; x_wconf 89' lang='lat' dir='ltr'>quam</span> <span class='ocrx_word' id='word_1_133' title='bbox 526 807 675 842; x_wconf 79' lang='lat' dir='ltr'>faciem?</span> <span class='ocrx_word' id='word_1_134' title='bbox 709 819 779 851; x_wconf 83' lang='lat' dir='ltr'>quo</span> <span class='ocrx_word' id='word_1_135' title='bbox 813 808 892 843; x_wconf 92' lang='lat' dir='ltr'>loco</span> <span class='ocrx_word' id='word_1_136' title='bbox 920 807 950 844; x_wconf 83' lang='grc' dir='ltr'>Ι.</span> <span class='ocrx_word' id='word_1_137' title='bbox 977 807 1122 852; x_wconf 82' lang='lat' dir='ltr'>Lipsius</span> <span class='ocrx_word' id='word_1_138' title='bbox 1148 818 1215 851; x_wconf 91' lang='lat' dir='ltr'>pro</span> <span class='ocrx_word' id='word_1_139' title='bbox 1242 807 1485 850; x_wconf 83' lang='lat' dir='ltr'>resupinet</span> <span class='ocrx_word' id='word_1_140' title='bbox 1514 806 1631 840; x_wconf 82' lang='lat' dir='ltr'>edidit</span> <span class='ocrx_word' id='word_1_141' title='bbox 1657 818 1726 839; x_wconf 88' lang='lat' dir='ltr'>su-</span> 
     </span>
     <span class='ocr_line' id='line_1_15' title="bbox 178 852 1727 900; baseline -0.001 -11"><span class='ocrx_word' id='word_1_142' title='bbox 178 856 309 900; x_wconf 80' lang='lat' dir='ltr'>pinet·</span> <span class='ocrx_word' id='word_1_143' title='bbox 346 855 412 889; x_wconf 90' lang='lat' dir='ltr'>hac</span> <span class='ocrx_word' id='word_1_144' title='bbox 451 855 592 889; x_wconf 87' lang='lat' dir='ltr'>adiecta</span> <span class='ocrx_word' id='word_1_145' title='bbox 625 855 879 890; x_wconf 78' lang='lat' dir='ltr'>adnotatione:</span> <span class='ocrx_word' id='word_1_146' title='bbox 918 855 995 890; x_wconf 92' lang='lat' dir='ltr'>Alii</span> <span class='ocrx_word' id='word_1_147' title='bbox 1030 855 1273 899; x_wconf 83' lang='lat' dir='ltr'>resupinet</span> <span class='ocrx_word' id='word_1_148' title='bbox 1308 865 1374 888; x_wconf 89' lang='lat' dir='ltr'>nec</span> <span class='ocrx_word' id='word_1_149' title='bbox 1407 853 1511 888; x_wconf 89' lang='lat' dir='ltr'>male.</span> <span class='ocrx_word' id='word_1_150' title='bbox 1568 852 1727 887; x_wconf 80' lang='lat' dir='ltr'>Habitus</span> 
     </span>
     <span class='ocr_line' id='line_1_16' title="bbox 174 901 1727 958; baseline -0.003 -22"><span class='ocrx_word' id='word_1_151' title='bbox 174 906 296 937; x_wconf 89' lang='lat' dir='ltr'>autem</span> <span class='ocrx_word' id='word_1_152' title='bbox 320 902 383 936; x_wconf 89' lang='grc'><strong>1116</strong></span> <span class='ocrx_word' id='word_1_153' title='bbox 409 903 648 958; x_wconf 83' lang='lat' dir='ltr'>superborum</span> <span class='ocrx_word' id='word_1_154' title='bbox 666 906 719 936; x_wconf 86' lang='lat' dir='ltr'>est</span> <span class='ocrx_word' id='word_1_155' title='bbox 734 906 843 946; x_wconf 90' lang='lat' dir='ltr'>caput</span> <span class='ocrx_word' id='word_1_156' title='bbox 861 903 1039 943; x_wconf 84' lang='lat' dir='ltr'>attollere,</span> <span class='ocrx_word' id='word_1_157' title='bbox 1067 906 1194 946; x_wconf 87' lang='lat' dir='ltr'>pectus</span> <span class='ocrx_word' id='word_1_158' title='bbox 1222 902 1397 945; x_wconf 88' lang='lat' dir='ltr'>proicere</span> <span class='ocrx_word' id='word_1_159' title='bbox 1424 901 1519 944; x_wconf 79' lang='lat' dir='ltr'>quod</span> <span class='ocrx_word' id='word_1_160' title='bbox 1547 904 1602 934; x_wconf 84' lang='lat' dir='ltr'>est</span> <span class='ocrx_word' id='word_1_161' title='bbox 1629 911 1727 934; x_wconf 87' lang='lat' dir='ltr'>sese</span> 
     </span>
     <span class='ocr_line' id='line_1_17' title="bbox 175 929 1727 1002; baseline -0.002 -18"><span class='ocrx_word' id='word_1_162' title='bbox 175 949 724 993; x_wconf 57' lang='lat' dir='ltr'>supinare,uc=J1-cna‚eae1</span> <span class='ocrx_word' id='word_1_163' title='bbox 780 949 940 984; x_wconf 90' lang='lat' dir='ltr'>Publilio</span> <span class='ocrx_word' id='word_1_164' title='bbox 978 929 1089 984; x_wconf 70' lang='lat' dir='ltr'>veiba</span> <span class='ocrx_word' id='word_1_165' title='bbox 1127 949 1309 1002; x_wconf 80' lang='lat' dir='ltr'>simplicia</span> <span class='ocrx_word' id='word_1_166' title='bbox 1342 948 1475 981; x_wconf 85' lang='lat' dir='ltr'>usitata</span> <span class='ocrx_word' id='word_1_167' title='bbox 1509 959 1585 981; x_wconf 87' lang='lat' dir='ltr'>esse</span> <span class='ocrx_word' id='word_1_168' title='bbox 1620 959 1727 992; x_wconf 87' lang='lat' dir='ltr'>supra</span> 
     </span>
     <span class='ocr_line' id='line_1_18' title="bbox 174 995 1726 1041; baseline -0.002 -10"><span class='ocrx_word' id='word_1_169' title='bbox 174 997 249 1031; x_wconf 81' lang='lat' dir='ltr'>dixi</span> <span class='ocrx_word' id='word_1_170' title='bbox 275 996 321 1032; x_wconf 90' lang='lat' dir='ltr'>cf.</span> <span class='ocrx_word' id='word_1_171' title='bbox 347 997 377 1031; x_wconf 89' lang='lat' dir='ltr'>B</span> <span class='ocrx_word' id='word_1_172' title='bbox 404 998 423 1031; x_wconf 83' lang='lat'>9</span> <span class='ocrx_word' id='word_1_173' title='bbox 449 997 536 1035; x_wconf 67' lang='lat'>(52).</span> <span class='ocrx_word' id='word_1_174' title='bbox 588 996 726 1031; x_wconf 88' lang='lat' dir='ltr'>Eadem</span> <span class='ocrx_word' id='word_1_175' title='bbox 759 997 812 1030; x_wconf 84' lang='lat' dir='ltr'>vis</span> <span class='ocrx_word' id='word_1_176' title='bbox 848 1009 889 1031; x_wconf 93' lang='lat' dir='ltr'>ac</span> <span class='ocrx_word' id='word_1_177' title='bbox 922 1000 1082 1041; x_wconf 87' lang='lat' dir='ltr'>potestas</span> <span class='ocrx_word' id='word_1_178' title='bbox 1118 997 1211 1031; x_wconf 89' lang='lat' dir='ltr'>inest</span> <span class='ocrx_word' id='word_1_179' title='bbox 1239 996 1276 1029; x_wconf 88' lang='lat' dir='ltr'>in</span> <span class='ocrx_word' id='word_1_180' title='bbox 1302 995 1471 1029; x_wconf 74' lang='lat' dir='ltr'>adiectu</span> <span class='ocrx_word' id='word_1_181' title='bbox 1463 1007 1492 1029; x_wconf 81' lang='lat' dir='ltr'>is</span> <span class='ocrx_word' id='word_1_182' title='bbox 1520 996 1726 1039; x_wconf 82' lang='lat' dir='ltr'>supinus</span> 
     </span>
     <span class='ocr_line' id='line_1_19' title="bbox 173 1038 1728 1088; baseline -0.002 -10"><span class='ocrx_word' id='word_1_183' title='bbox 173 1045 423 1088; x_wconf 87' lang='lat' dir='ltr'>resupinus</span> <span class='ocrx_word' id='word_1_184' title='bbox 450 1038 494 1078; x_wconf 86' lang='lat' dir='ltr'>cf.</span> <span class='ocrx_word' id='word_1_185' title='bbox 524 1043 626 1078; x_wconf 79' lang='lat' dir='ltr'>Ovid.</span> <span class='ocrx_word' id='word_1_186' title='bbox 647 1043 736 1080; x_wconf 79' lang='lat' dir='ltr'>Met.</span> <span class='ocrx_word' id='word_1_187' title='bbox 756 1044 790 1077; x_wconf 98' lang='lat' dir='ltr'>V</span> <span class='ocrx_word' id='word_1_188' title='bbox 794 1044 824 1078; x_wconf 90' lang='lat' dir='ltr'>I.</span> <span class='ocrx_word' id='word_1_189' title='bbox 843 1045 922 1080; x_wconf 72' lang='lat' dir='ltr'>2T5.</span> <span class='ocrx_word' id='word_1_190' title='bbox 950 1048 985 1079; x_wconf 85' lang='grc'>61</span> <span class='ocrx_word' id='word_1_191' title='bbox 1002 1045 1160 1078; x_wconf 89' lang='lat' dir='ltr'>mediam</span> <span class='ocrx_word' id='word_1_192' title='bbox 1178 1044 1313 1077; x_wconf 86' lang='lat' dir='ltr'>tulerat</span> <span class='ocrx_word' id='word_1_193' title='bbox 1332 1054 1476 1088; x_wconf 81' lang='lat' dir='ltr'>gressus</span> <span class='ocrx_word' id='word_1_194' title='bbox 1503 1055 1521 1075; x_wconf 91' lang='lat'><em>1</em></span> <span class='ocrx_word' id='word_1_195' title='bbox 1532 1043 1728 1086; x_wconf 83' lang='lat' dir='ltr'>esupina</span> 
     </span>
     <span class='ocr_line' id='line_1_20' title="bbox 175 1072 1728 1136; baseline -0.001 -11"><span class='ocrx_word' id='word_1_196' title='bbox 175 1103 241 1136; x_wconf 90' lang='lat' dir='ltr'>per</span> <span class='ocrx_word' id='word_1_197' title='bbox 265 1092 410 1133; x_wconf 71' lang='lat' dir='ltr'>urbem,</span> <span class='ocrx_word' id='word_1_198' title='bbox 439 1095 473 1125; x_wconf 90' lang='lat' dir='ltr'>et</span> <span class='ocrx_word' id='word_1_199' title='bbox 500 1091 538 1125; x_wconf 90' lang='lat' dir='ltr'>in</span> <span class='ocrx_word' id='word_1_200' title='bbox 564 1091 738 1126; x_wconf 78' lang='lat' dir='ltr'>adv-e1bi0</span> <span class='ocrx_word' id='word_1_201' title='bbox 766 1092 931 1136; x_wconf 89' lang='lat' dir='ltr'>supine</span> <span class='ocrx_word' id='word_1_202' title='bbox 959 1092 1003 1126; x_wconf 87' lang='lat' dir='ltr'>cf.</span> <span class='ocrx_word' id='word_1_203' title='bbox 1031 1091 1114 1126; x_wconf 89' lang='grc'><strong>8611.</strong></span> <span class='ocrx_word' id='word_1_204' title='bbox 1143 1092 1187 1125; x_wconf 83' lang='grc'>(16</span> <span class='ocrx_word' id='word_1_205' title='bbox 1213 1090 1333 1125; x_wconf 89' lang='lat' dir='ltr'>benef.</span> <span class='ocrx_word' id='word_1_206' title='bbox 1332 1072 1410 1124; x_wconf 54' lang='lat'>³11.</span> <span class='ocrx_word' id='word_1_207' title='bbox 1431 1090 1485 1126; x_wconf 83' lang='lat'>24.</span> <span class='ocrx_word' id='word_1_208' title='bbox 1514 1090 1545 1125; x_wconf 84' lang='lat'>3.</span> <span class='ocrx_word' id='word_1_209' title='bbox 1596 1090 1646 1125; x_wconf 84' lang='lat' dir='ltr'>Ut</span> <span class='ocrx_word' id='word_1_210' title='bbox 1674 1090 1728 1123; x_wconf 89' lang='lat' dir='ltr'>his</span> 
     </span>
     <span class='ocr_line' id='line_1_21' title="bbox 176 1136 1729 1183; baseline -0.001 -10"><span class='ocrx_word' id='word_1_211' title='bbox 176 1139 344 1173; x_wconf 73' lang='lat' dir='ltr'>adiectu</span> <span class='ocrx_word' id='word_1_212' title='bbox 336 1150 365 1172; x_wconf 80' lang='lat' dir='ltr'>is</span> <span class='ocrx_word' id='word_1_213' title='bbox 400 1139 623 1173; x_wconf 88' lang='lat' dir='ltr'>contrarium</span> <span class='ocrx_word' id='word_1_214' title='bbox 657 1143 711 1173; x_wconf 91' lang='lat' dir='ltr'>est</span> <span class='ocrx_word' id='word_1_215' title='bbox 738 1150 908 1183; x_wconf 86' lang='lat' dir='ltr'>pronus</span> <span class='ocrx_word' id='word_1_216' title='bbox 934 1139 995 1183; x_wconf 69' lang='lat' dir='ltr'>[cf.</span> <span class='ocrx_word' id='word_1_217' title='bbox 1023 1138 1106 1174; x_wconf 89' lang='lat' dir='ltr'>Sen.</span> <span class='ocrx_word' id='word_1_218' title='bbox 1133 1139 1178 1173; x_wconf 88' lang='lat' dir='ltr'>de</span> <span class='ocrx_word' id='word_1_219' title='bbox 1204 1142 1320 1182; x_wconf 81' lang='lat' dir='ltr'>tranq.</span> <span class='ocrx_word' id='word_1_220' title='bbox 1349 1137 1457 1172; x_wconf 91' lang='lat' dir='ltr'>anim.</span> <span class='ocrx_word' id='word_1_221' title='bbox 1484 1136 1534 1170; x_wconf 92' lang='lat' dir='ltr'>II.</span> <span class='ocrx_word' id='word_1_222' title='bbox 1566 1139 1642 1182; x_wconf 75' lang='lat'>121)</span> <span class='ocrx_word' id='word_1_223' title='bbox 1680 1138 1729 1171; x_wconf 90' lang='lat' dir='ltr'>ita</span> 
     </span>
     <span class='ocr_line' id='line_1_22' title="bbox 175 1183 1728 1230; baseline -0.001 -10"><span class='ocrx_word' id='word_1_224' title='bbox 175 1186 286 1220; x_wconf 74' lang='lat' dir='ltr'>verbo</span> <span class='ocrx_word' id='word_1_225' title='bbox 326 1186 545 1230; x_wconf 88' lang='lat' dir='ltr'>supinare</span> <span class='ocrx_word' id='word_1_226' title='bbox 584 1187 779 1230; x_wconf 79' lang='lat' dir='ltr'>respondet</span> <span class='ocrx_word' id='word_1_227' title='bbox 816 1199 848 1222; x_wconf 82' lang='lat' dir='ltr'>v,</span> <span class='ocrx_word' id='word_1_228' title='bbox 884 1187 1129 1220; x_wconf 85' lang='lat' dir='ltr'>incurvare</span> <span class='ocrx_word' id='word_1_229' title='bbox 1164 1185 1208 1220; x_wconf 86' lang='lat' dir='ltr'>cf.</span> <span class='ocrx_word' id='word_1_230' title='bbox 1245 1185 1328 1220; x_wconf 90' lang='lat' dir='ltr'>Sen.</span> <span class='ocrx_word' id='word_1_231' title='bbox 1364 1196 1420 1229; x_wconf 88' lang='lat' dir='ltr'>ep.</span> <span class='ocrx_word' id='word_1_232' title='bbox 1438 1183 1588 1220; x_wconf 88' lang='lat' dir='ltr'>XVIII.</span> <span class='ocrx_word' id='word_1_233' title='bbox 1617 1186 1646 1225; x_wconf 88' lang='lat'>1,</span> <span class='ocrx_word' id='word_1_234' title='bbox 1674 1185 1728 1219; x_wconf 84' lang='grc'>24.</span> 
     </span>
     <span class='ocr_line' id='line_1_23' title="bbox 176 1231 1729 1277; baseline -0.001 -10"><span class='ocrx_word' id='word_1_235' title='bbox 176 1233 278 1268; x_wconf 86' lang='grc' dir='ltr'><strong>Ρ613.</strong></span> <span class='ocrx_word' id='word_1_236' title='bbox 304 1232 334 1269; x_wconf 95' lang='grc' dir='ltr'>Ι.</span> <span class='ocrx_word' id='word_1_237' title='bbox 361 1234 417 1268; x_wconf 89' lang='grc'>91.</span> <span class='ocrx_word' id='word_1_238' title='bbox 467 1233 533 1267; x_wconf 90' lang='lat' dir='ltr'>Est</span> <span class='ocrx_word' id='word_1_239' title='bbox 559 1237 681 1267; x_wconf 89' lang='lat' dir='ltr'>autem</span> <span class='ocrx_word' id='word_1_240' title='bbox 706 1245 837 1277; x_wconf 78' lang='lat' dir='ltr'>magna</span> <span class='ocrx_word' id='word_1_241' title='bbox 864 1245 989 1268; x_wconf 85' lang='lat' dir='ltr'>eorum</span> <span class='ocrx_word' id='word_1_242' title='bbox 1014 1234 1209 1268; x_wconf 81' lang='lat' dir='ltr'>verborum</span> <span class='ocrx_word' id='word_1_243' title='bbox 1231 1233 1346 1276; x_wconf 85' lang='lat' dir='ltr'>copia,</span> <span class='ocrx_word' id='word_1_244' title='bbox 1375 1243 1465 1276; x_wconf 86' lang='lat' dir='ltr'>quae</span> <span class='ocrx_word' id='word_1_245' title='bbox 1484 1232 1584 1265; x_wconf 89' lang='lat' dir='ltr'>nullo</span> <span class='ocrx_word' id='word_1_246' title='bbox 1605 1231 1729 1265; x_wconf 84' lang='lat' dir='ltr'>addito</span> 
     </span>
     <span class='ocr_line' id='line_1_24' title="bbox 176 1279 1729 1324; baseline -0.001 -10"><span class='ocrx_word' id='word_1_247' title='bbox 176 1281 233 1314; x_wconf 81' lang='lat' dir='ltr'>vel</span> <span class='ocrx_word' id='word_1_248' title='bbox 263 1281 410 1314; x_wconf 87' lang='lat' dir='ltr'>nomine</span> <span class='ocrx_word' id='word_1_249' title='bbox 445 1280 502 1314; x_wconf 81' lang='lat' dir='ltr'>vel</span> <span class='ocrx_word' id='word_1_250' title='bbox 535 1281 749 1324; x_wconf 84' lang='lat' dir='ltr'>pronomine</span> <span class='ocrx_word' id='word_1_251' title='bbox 784 1281 957 1315; x_wconf 82' lang='lat' dir='ltr'>reflexiva</span> <span class='ocrx_word' id='word_1_252' title='bbox 983 1281 1041 1314; x_wconf 75' lang='lat' dir='ltr'>vel</span> <span class='ocrx_word' id='word_1_253' title='bbox 1067 1281 1298 1314; x_wconf 79' lang='lat' dir='ltr'>intransitiva</span> <span class='ocrx_word' id='word_1_254' title='bbox 1326 1283 1508 1324; x_wconf 80' lang='lat' dir='ltr'>potestate</span> <span class='ocrx_word' id='word_1_255' title='bbox 1535 1279 1729 1319; x_wconf 85' lang='lat' dir='ltr'>donantur,</span> 
     </span>
     <span class='ocr_line' id='line_1_25' title="bbox 176 1326 1729 1368; baseline 0 -7"><span class='ocrx_word' id='word_1_256' title='bbox 176 1328 276 1362; x_wconf 78' lang='lat' dir='ltr'>velut</span> <span class='ocrx_word' id='word_1_257' title='bbox 302 1338 490 1361; x_wconf 83' lang='lat' dir='ltr'>movere</span> <span class='ocrx_word' id='word_1_258' title='bbox 517 1327 594 1361; x_wconf 78' lang='lat' dir='ltr'>Liv.</span> <span class='ocrx_word' id='word_1_259' title='bbox 624 1328 678 1368; x_wconf 82' lang='grc'>22,</span> <span class='ocrx_word' id='word_1_260' title='bbox 710 1329 737 1362; x_wconf 92' lang='grc'>1.</span> <span class='ocrx_word' id='word_1_261' title='bbox 766 1332 952 1363; x_wconf 80' lang='lat' dir='ltr'>vertere</span> <span class='ocrx_word' id='word_1_262' title='bbox 978 1328 1059 1362; x_wconf 78' lang='lat' dir='ltr'>Liv.</span> <span class='ocrx_word' id='word_1_263' title='bbox 1087 1332 1118 1367; x_wconf 80' lang='lat'>2,</span> <span class='ocrx_word' id='word_1_264' title='bbox 1146 1328 1200 1362; x_wconf 70' lang='lat'>27.</span> <span class='ocrx_word' id='word_1_265' title='bbox 1237 1329 1266 1362; x_wconf 98' lang='lat'>5</span> <span class='ocrx_word' id='word_1_266' title='bbox 1294 1328 1350 1362; x_wconf 84' lang='lat'>49.</span> <span class='ocrx_word' id='word_1_267' title='bbox 1385 1327 1416 1366; x_wconf 67' lang='lat' dir='ltr'>T.</span> <span class='ocrx_word' id='word_1_268' title='bbox 1445 1326 1500 1361; x_wconf 83' lang='grc'>38</span> <span class='ocrx_word' id='word_1_269' title='bbox 1533 1326 1564 1367; x_wconf 83' lang='grc'>8,</span> <span class='ocrx_word' id='word_1_270' title='bbox 1592 1326 1647 1361; x_wconf 85' lang='grc'>38.</span> <span class='ocrx_word' id='word_1_271' title='bbox 1675 1327 1729 1365; x_wconf 86' lang='grc'>23</span> 
     </span>
     <span class='ocr_line' id='line_1_26' title="bbox 176 1353 1730 1419; baseline -0.001 -9.992"><span class='ocrx_word' id='word_1_272' title='bbox 176 1375 231 1409; x_wconf 85' lang='grc'>25.</span> <span class='ocrx_word' id='word_1_273' title='bbox 283 1374 393 1419; x_wconf 90' lang='lat' dir='ltr'>Prop.</span> <span class='ocrx_word' id='word_1_274' title='bbox 421 1374 451 1409; x_wconf 91' lang='lat' dir='ltr'>I.</span> <span class='ocrx_word' id='word_1_275' title='bbox 481 1375 533 1414; x_wconf 86' lang='lat'>16,</span> <span class='ocrx_word' id='word_1_276' title='bbox 562 1375 617 1410; x_wconf 95' lang='grc'>28.</span> <span class='ocrx_word' id='word_1_277' title='bbox 645 1355 946 1409; x_wconf 78' lang='lat' dir='ltr'>flectereLiv.</span> <span class='ocrx_word' id='word_1_278' title='bbox 975 1377 1006 1416; x_wconf 87' lang='lat'>3,</span> <span class='ocrx_word' id='word_1_279' title='bbox 1033 1376 1065 1410; x_wconf 89' lang='grc'><strong>8.</strong></span> <span class='ocrx_word' id='word_1_280' title='bbox 1093 1376 1148 1415; x_wconf 67' lang='grc'>28</span> <span class='ocrx_word' id='word_1_281' title='bbox 1177 1376 1208 1410; x_wconf 91' lang='lat'>6.</span> <span class='ocrx_word' id='word_1_282' title='bbox 1236 1353 1573 1409; x_wconf 85' lang='lat' dir='ltr'>remittereCic.</span> <span class='ocrx_word' id='word_1_283' title='bbox 1594 1373 1655 1409; x_wconf 89' lang='lat' dir='ltr'>Or.</span> <span class='ocrx_word' id='word_1_284' title='bbox 1676 1373 1730 1409; x_wconf 84' lang='grc'>34.</span> 
     </span>
     <span class='ocr_line' id='line_1_27' title="bbox 176 1420 1730 1467; baseline -0.001 -12"><span class='ocrx_word' id='word_1_285' title='bbox 176 1421 254 1457; x_wconf 84' lang='lat' dir='ltr'>Liv.</span> <span class='ocrx_word' id='word_1_286' title='bbox 282 1422 336 1456; x_wconf 81' lang='grc'>40.</span> <span class='ocrx_word' id='word_1_287' title='bbox 365 1423 419 1457; x_wconf 88' lang='lat'>33.</span> <span class='ocrx_word' id='word_1_288' title='bbox 449 1422 739 1463; x_wconf 70' lang='lat' dir='ltr'>ingeminare</span> <span class='ocrx_word' id='word_1_289' title='bbox 767 1422 877 1467; x_wconf 87' lang='lat' dir='ltr'>Verg.</span> <span class='ocrx_word' id='word_1_290' title='bbox 904 1424 996 1458; x_wconf 88' lang='lat' dir='ltr'>Aen</span> <span class='ocrx_word' id='word_1_291' title='bbox 1023 1422 1089 1457; x_wconf 89' lang='lat' dir='ltr'>IV.</span> <span class='ocrx_word' id='word_1_292' title='bbox 1118 1424 1197 1458; x_wconf 69' lang='grc'><strong>031.</strong></span> <span class='ocrx_word' id='word_1_293' title='bbox 1224 1422 1440 1456; x_wconf 66' lang='lat' dir='ltr'>conixere</span> <span class='ocrx_word' id='word_1_294' title='bbox 1467 1420 1539 1456; x_wconf 88' lang='lat' dir='ltr'>Cic</span> <span class='ocrx_word' id='word_1_295' title='bbox 1567 1420 1673 1456; x_wconf 84' lang='lat' dir='ltr'>Tusc.</span> <span class='ocrx_word' id='word_1_296' title='bbox 1700 1420 1730 1455; x_wconf 88' lang='lat' dir='ltr'>I.</span> 
     </span>
     <span class='ocr_line' id='line_1_28' title="bbox 176 1467 1731 1514; baseline -0.001 -11"><span class='ocrx_word' id='word_1_297' title='bbox 176 1469 231 1509; x_wconf 87' lang='lat'>49,</span> <span class='ocrx_word' id='word_1_298' title='bbox 261 1469 339 1503; x_wconf 73' lang='grc'><strong>117.</strong></span> <span class='ocrx_word' id='word_1_299' title='bbox 390 1467 490 1504; x_wconf 89' lang='lat' dir='ltr'>Suet.</span> <span class='ocrx_word' id='word_1_300' title='bbox 511 1468 624 1513; x_wconf 81' lang='lat' dir='ltr'>Calig.</span> <span class='ocrx_word' id='word_1_301' title='bbox 654 1470 708 1505; x_wconf 88' lang='grc'>51.</span> <span class='ocrx_word' id='word_1_302' title='bbox 736 1481 975 1514; x_wconf 86' lang='lat' dir='ltr'>emergere</span> <span class='ocrx_word' id='word_1_303' title='bbox 1003 1470 1077 1504; x_wconf 87' lang='lat' dir='ltr'>Cic.</span> <span class='ocrx_word' id='word_1_304' title='bbox 1097 1469 1194 1504; x_wconf 89' lang='lat' dir='ltr'>C.oel</span> <span class='ocrx_word' id='word_1_305' title='bbox 1217 1470 1269 1504; x_wconf 83' lang='lat'>12.</span> <span class='ocrx_word' id='word_1_306' title='bbox 1297 1470 1481 1502; x_wconf 80' lang='lat' dir='ltr'>iactare</span> <span class='ocrx_word' id='word_1_307' title='bbox 1500 1467 1601 1503; x_wconf 88' lang='lat' dir='ltr'>Curt</span> <span class='ocrx_word' id='word_1_308' title='bbox 1624 1467 1731 1502; x_wconf 84' lang='lat' dir='ltr'>VIII.</span> 
     </span>
     <span class='ocr_line' id='line_1_29' title="bbox 178 1514 1732 1561; baseline -0.001 -9.997"><span class='ocrx_word' id='word_1_309' title='bbox 178 1518 207 1557; x_wconf 87' lang='grc'>1,</span> <span class='ocrx_word' id='word_1_310' title='bbox 236 1518 266 1549; x_wconf 93' lang='lat'>3.</span> <span class='ocrx_word' id='word_1_311' title='bbox 300 1517 549 1550; x_wconf 90' lang='lat' dir='ltr'>intendere</span> <span class='ocrx_word' id='word_1_312' title='bbox 582 1515 669 1550; x_wconf 89' lang='lat' dir='ltr'>Sall.</span> <span class='ocrx_word' id='word_1_313' title='bbox 698 1516 776 1561; x_wconf 84' lang='lat' dir='ltr'>Ing.</span> <span class='ocrx_word' id='word_1_314' title='bbox 810 1518 867 1552; x_wconf 68' lang='lat'>27.</span> <span class='ocrx_word' id='word_1_315' title='bbox 902 1518 956 1552; x_wconf 71' lang='lat'>77.</span> <span class='ocrx_word' id='word_1_316' title='bbox 1009 1516 1103 1550; x_wconf 86' lang='lat' dir='ltr'>Plin.</span> <span class='ocrx_word' id='word_1_317' title='bbox 1138 1528 1194 1561; x_wconf 87' lang='lat' dir='ltr'>ep.</span> <span class='ocrx_word' id='word_1_318' title='bbox 1231 1516 1341 1551; x_wconf 89' lang='lat' dir='ltr'>VIII.</span> <span class='ocrx_word' id='word_1_319' title='bbox 1372 1517 1424 1550; x_wconf 88' lang='grc'>19.</span> <span class='ocrx_word' id='word_1_320' title='bbox 1475 1514 1598 1559; x_wconf 74' lang='lat' dir='ltr'>Quint.</span> <span class='ocrx_word' id='word_1_321' title='bbox 1626 1515 1672 1550; x_wconf 90' lang='lat' dir='ltr'>X.</span> <span class='ocrx_word' id='word_1_322' title='bbox 1702 1517 1732 1550; x_wconf 83' lang='lat'>1.</span> 
     </span>
     <span class='ocr_line' id='line_1_30' title="bbox 176 1562 1731 1608; baseline -0.001 -11"><span class='ocrx_word' id='word_1_323' title='bbox 176 1563 248 1598; x_wconf 89' lang='lat' dir='ltr'>Cic.</span> <span class='ocrx_word' id='word_1_324' title='bbox 283 1575 349 1607; x_wconf 90' lang='lat' dir='ltr'>pro</span> <span class='ocrx_word' id='word_1_325' title='bbox 384 1562 477 1599; x_wconf 84' lang='lat' dir='ltr'>Mur.</span> <span class='ocrx_word' id='word_1_326' title='bbox 502 1562 573 1598; x_wconf 82' lang='lat' dir='ltr'>XI.</span> <span class='ocrx_word' id='word_1_327' title='bbox 608 1565 662 1598; x_wconf 88' lang='lat'>22.</span> <span class='ocrx_word' id='word_1_328' title='bbox 698 1566 912 1608; x_wconf 81' lang='grc'><strong>1·6011)616</strong></span> <span class='ocrx_word' id='word_1_329' title='bbox 948 1564 1049 1598; x_wconf 84' lang='lat' dir='ltr'>Caes.</span> <span class='ocrx_word' id='word_1_330' title='bbox 1085 1564 1162 1599; x_wconf 67' lang='lat' dir='ltr'>BG.</span> <span class='ocrx_word' id='word_1_331' title='bbox 1190 1563 1219 1599; x_wconf 93' lang='grc' dir='ltr'>Ι.</span> <span class='ocrx_word' id='word_1_332' title='bbox 1246 1564 1301 1599; x_wconf 81' lang='grc'>48.</span> <span class='ocrx_word' id='word_1_333' title='bbox 1337 1563 1584 1597; x_wconf 79' lang='lat' dir='ltr'>insinuale</span> <span class='ocrx_word' id='word_1_334' title='bbox 1618 1562 1731 1607; x_wconf 84' lang='lat' dir='ltr'>Verg.</span> 
     </span>
     <span class='ocr_line' id='line_1_31' title="bbox 176 1610 1733 1655; baseline -0.001 -10"><span class='ocrx_word' id='word_1_335' title='bbox 176 1614 268 1646; x_wconf 89' lang='lat' dir='ltr'>Aen.</span> <span class='ocrx_word' id='word_1_336' title='bbox 295 1610 346 1646; x_wconf 92' lang='lat' dir='ltr'>II.</span> <span class='ocrx_word' id='word_1_337' title='bbox 375 1611 452 1645; x_wconf 87' lang='lat'>22.9</span> <span class='ocrx_word' id='word_1_338' title='bbox 503 1610 601 1644; x_wconf 90' lang='lat' dir='ltr'>Hinc</span> <span class='ocrx_word' id='word_1_339' title='bbox 634 1612 857 1655; x_wconf 87' lang='lat' dir='ltr'>supinare</span> <span class='ocrx_word' id='word_1_340' title='bbox 892 1612 989 1646; x_wconf 88' lang='lat' dir='ltr'>idem</span> <span class='ocrx_word' id='word_1_341' title='bbox 1023 1611 1204 1655; x_wconf 87' lang='lat' dir='ltr'>significat</span> <span class='ocrx_word' id='word_1_342' title='bbox 1238 1610 1334 1655; x_wconf 85' lang='lat' dir='ltr'>quod</span> <span class='ocrx_word' id='word_1_343' title='bbox 1360 1622 1424 1643; x_wconf 87' lang='lat' dir='ltr'>nos</span> <span class='ocrx_word' id='word_1_344' title='bbox 1451 1610 1604 1643; x_wconf 84' lang='lat' dir='ltr'>dicimus</span> <span class='ocrx_word' id='word_1_345' title='bbox 1634 1610 1733 1651; x_wconf 76' lang='lat' dir='ltr'>„die</span> 
     </span>
     <span class='ocr_line' id='line_1_32' title="bbox 176 1656 1733 1703; baseline -0.001 -12"><span class='ocrx_word' id='word_1_346' title='bbox 176 1658 208 1692; x_wconf 87' lang='lat' dir='ltr'>N</span> <span class='ocrx_word' id='word_1_347' title='bbox 222 1669 298 1692; x_wconf 90' lang='lat' dir='ltr'>ase</span> <span class='ocrx_word' id='word_1_348' title='bbox 332 1658 450 1692; x_wconf 84' lang='grc'><strong>110011</strong></span> <span class='ocrx_word' id='word_1_349' title='bbox 474 1662 666 1703; x_wconf 82' lang='lat' dir='ltr'>tragen“</span> <span class='ocrx_word' id='word_1_350' title='bbox 696 1659 748 1692; x_wconf 88' lang='lat' dir='ltr'>ita</span> <span class='ocrx_word' id='word_1_351' title='bbox 775 1662 815 1692; x_wconf 92' lang='lat' dir='ltr'>ut</span> <span class='ocrx_word' id='word_1_352' title='bbox 841 1670 965 1692; x_wconf 72' lang='lat' dir='ltr'>versus</span> <span class='ocrx_word' id='word_1_353' title='bbox 993 1659 1173 1693; x_wconf 82' lang='lat' dir='ltr'>sententia</span> <span class='ocrx_word' id='word_1_354' title='bbox 1199 1659 1237 1692; x_wconf 87' lang='lat' dir='ltr'>id</span> <span class='ocrx_word' id='word_1_355' title='bbox 1263 1658 1393 1691; x_wconf 89' lang='lat' dir='ltr'>doceat</span> <span class='ocrx_word' id='word_1_356' title='bbox 1419 1657 1516 1701; x_wconf 81' lang='lat' dir='ltr'>quod</span> <span class='ocrx_word' id='word_1_357' title='bbox 1543 1656 1733 1691; x_wconf 84' lang='lat' dir='ltr'>Socratem</span> 
     </span>
     <span class='ocr_line' id='line_1_33' title="bbox 178 1704 1732 1750; baseline -0.001 -12"><span class='ocrx_word' id='word_1_358' title='bbox 178 1706 340 1739; x_wconf 90' lang='lat' dir='ltr'>omnium</span> <span class='ocrx_word' id='word_1_359' title='bbox 375 1704 598 1739; x_wconf 85' lang='lat' dir='ltr'>Graecorum</span> <span class='ocrx_word' id='word_1_360' title='bbox 639 1706 947 1750; x_wconf 82' lang='lat' dir='ltr'>sapientissimum</span> <span class='ocrx_word' id='word_1_361' title='bbox 984 1717 1051 1750; x_wconf 89' lang='lat' dir='ltr'>per</span> <span class='ocrx_word' id='word_1_362' title='bbox 1088 1709 1204 1740; x_wconf 85' lang='lat' dir='ltr'>totam</span> <span class='ocrx_word' id='word_1_363' title='bbox 1241 1706 1355 1739; x_wconf 74' lang='lat' dir='ltr'>vitam</span> <span class='ocrx_word' id='word_1_364' title='bbox 1392 1715 1480 1748; x_wconf 91' lang='lat' dir='ltr'>prae</span> <span class='ocrx_word' id='word_1_365' title='bbox 1527 1716 1564 1738; x_wconf 90' lang='lat' dir='ltr'>se</span> <span class='ocrx_word' id='word_1_366' title='bbox 1606 1704 1732 1738; x_wconf 87' lang='lat' dir='ltr'>tulisse</span> 
     </span>
     <span class='ocr_line' id='line_1_34' title="bbox 177 1751 1732 1797; baseline -0.001 -11"><span class='ocrx_word' id='word_1_367' title='bbox 177 1752 317 1793; x_wconf 88' lang='lat' dir='ltr'>ferunt,</span> <span class='ocrx_word' id='word_1_368' title='bbox 352 1764 422 1796; x_wconf 86' lang='lat' dir='ltr'>quo</span> <span class='ocrx_word' id='word_1_369' title='bbox 449 1753 528 1796; x_wconf 87' lang='lat' dir='ltr'>quis</span> <span class='ocrx_word' id='word_1_370' title='bbox 554 1753 659 1797; x_wconf 89' lang='lat' dir='ltr'>plura</span> <span class='ocrx_word' id='word_1_371' title='bbox 687 1753 796 1794; x_wconf 89' lang='lat' dir='ltr'>sciat,</span> <span class='ocrx_word' id='word_1_372' title='bbox 834 1765 876 1788; x_wconf 91' lang='lat' dir='ltr'>eo</span> <span class='ocrx_word' id='word_1_373' title='bbox 902 1754 1019 1787; x_wconf 85' lang='lat' dir='ltr'>minus</span> <span class='ocrx_word' id='word_1_374' title='bbox 1047 1765 1128 1788; x_wconf 91' lang='lat' dir='ltr'>eum</span> <span class='ocrx_word' id='word_1_375' title='bbox 1156 1753 1354 1797; x_wconf 85' lang='lat' dir='ltr'>superbire.</span> <span class='ocrx_word' id='word_1_376' title='bbox 1405 1751 1460 1786; x_wconf 75' lang='lat' dir='ltr'>Cf.</span> <span class='ocrx_word' id='word_1_377' title='bbox 1487 1751 1605 1786; x_wconf 87' lang='lat' dir='ltr'>Plaut.</span> <span class='ocrx_word' id='word_1_378' title='bbox 1633 1751 1732 1785; x_wconf 86' lang='lat' dir='ltr'>Trin.</span> 
     </span>
     <span class='ocr_line' id='line_1_35' title="bbox 177 1798 1732 1844; baseline -0.001 -11"><span class='ocrx_word' id='word_1_379' title='bbox 177 1799 208 1833; x_wconf 91' lang='grc' dir='ltr'>Ι.</span> <span class='ocrx_word' id='word_1_380' title='bbox 236 1801 267 1840; x_wconf 87' lang='grc'>2,</span> <span class='ocrx_word' id='word_1_381' title='bbox 297 1800 375 1834; x_wconf 82' lang='grc'><strong>184.</strong></span> <span class='ocrx_word' id='word_1_382' title='bbox 425 1799 590 1844; x_wconf 85' lang='lat' dir='ltr'>Sen.·ep.</span> <span class='ocrx_word' id='word_1_383' title='bbox 618 1799 647 1835; x_wconf 83' lang='lat' dir='ltr'>I.</span> <span class='ocrx_word' id='word_1_384' title='bbox 675 1801 706 1835; x_wconf 85' lang='lat'>6.</span> <span class='ocrx_word' id='word_1_385' title='bbox 737 1802 754 1834; x_wconf 82' lang='grc'>’1</span> <span class='ocrx_word' id='word_1_386' title='bbox 784 1804 873 1836; x_wconf 83' lang='lat' dir='ltr'>extr.</span> <span class='ocrx_word' id='word_1_387' title='bbox 901 1805 937 1835; x_wconf 86' lang='lat' dir='ltr'>et</span> <span class='ocrx_word' id='word_1_388' title='bbox 962 1801 1029 1835; x_wconf 89' lang='lat' dir='ltr'>hoc</span> <span class='ocrx_word' id='word_1_389' title='bbox 1054 1801 1174 1844; x_wconf 90' lang='lat' dir='ltr'>ipsum</span> <span class='ocrx_word' id='word_1_390' title='bbox 1199 1804 1454 1844; x_wconf 72' lang='lat' dir='ltr'>argumentum</span> <span class='ocrx_word' id='word_1_391' title='bbox 1477 1802 1532 1833; x_wconf 88' lang='lat' dir='ltr'>est</span> <span class='ocrx_word' id='word_1_392' title='bbox 1550 1799 1587 1832; x_wconf 89' lang='lat' dir='ltr'>in</span> <span class='ocrx_word' id='word_1_393' title='bbox 1604 1798 1732 1832; x_wconf 88' lang='lat' dir='ltr'>melius</span> 
     </span>
     <span class='ocr_line' id='line_1_36' title="bbox 178 1845 1732 1893; baseline 0.001 -13"><span class='ocrx_word' id='word_1_394' title='bbox 178 1847 347 1881; x_wconf 85' lang='lat' dir='ltr'>translati</span> <span class='ocrx_word' id='word_1_395' title='bbox 374 1847 494 1886; x_wconf 87' lang='lat' dir='ltr'>animi,</span> <span class='ocrx_word' id='word_1_396' title='bbox 522 1848 618 1891; x_wconf 88' lang='lat' dir='ltr'>quod</span> <span class='ocrx_word' id='word_1_397' title='bbox 643 1848 731 1882; x_wconf 79' lang='lat' dir='ltr'>vitia</span> <span class='ocrx_word' id='word_1_398' title='bbox 758 1860 831 1883; x_wconf 85' lang='lat' dir='ltr'>sua.</span> <span class='ocrx_word' id='word_1_399' title='bbox 859 1859 951 1892; x_wconf 82' lang='lat' dir='ltr'>quae</span> <span class='ocrx_word' id='word_1_400' title='bbox 977 1847 1094 1882; x_wconf 84' lang='lat' dir='ltr'>adhuc</span> <span class='ocrx_word' id='word_1_401' title='bbox 1121 1848 1325 1893; x_wconf 78' lang='lat' dir='ltr'>ignorabat,</span> <span class='ocrx_word' id='word_1_402' title='bbox 1352 1846 1463 1881; x_wconf 86' lang='lat' dir='ltr'>videt.</span> <span class='ocrx_word' id='word_1_403' title='bbox 1492 1858 1546 1890; x_wconf 92' lang='lat' dir='ltr'>ep.</span> <span class='ocrx_word' id='word_1_404' title='bbox 1573 1845 1686 1879; x_wconf 86' lang='lat' dir='ltr'>VIII.</span> <span class='ocrx_word' id='word_1_405' title='bbox 1713 1847 1732 1881; x_wconf 82' lang='lat'>2</span> 
     </span>
     <span class='ocr_line' id='line_1_37' title="bbox 176 1893 1732 1939; baseline -0.001 -11"><span class='ocrx_word' id='word_1_406' title='bbox 176 1895 252 1936; x_wconf 76' lang='lat'>(71)</span> <span class='ocrx_word' id='word_1_407' title='bbox 279 1895 311 1929; x_wconf 90' lang='lat'>4.</span> <span class='ocrx_word' id='word_1_408' title='bbox 345 1894 563 1938; x_wconf 86' lang='lat' dir='ltr'>quibusdam</span> <span class='ocrx_word' id='word_1_409' title='bbox 595 1898 715 1929; x_wconf 88' lang='lat' dir='ltr'>autem</span> <span class='ocrx_word' id='word_1_410' title='bbox 750 1896 870 1929; x_wconf 71' lang='lat' dir='ltr'>exenit</span> <span class='ocrx_word' id='word_1_411' title='bbox 903 1899 942 1929; x_wconf 88' lang='lat' dir='ltr'>ut</span> <span class='ocrx_word' id='word_1_412' title='bbox 976 1896 1154 1939; x_wconf 88' lang='lat' dir='ltr'>quaedam</span> <span class='ocrx_word' id='word_1_413' title='bbox 1179 1906 1216 1929; x_wconf 89' lang='lat' dir='ltr'>se</span> <span class='ocrx_word' id='word_1_414' title='bbox 1243 1896 1334 1929; x_wconf 87' lang='lat' dir='ltr'>scire</span> <span class='ocrx_word' id='word_1_415' title='bbox 1360 1894 1534 1928; x_wconf 85' lang='lat' dir='ltr'>nesciant.</span> <span class='ocrx_word' id='word_1_416' title='bbox 1569 1893 1650 1929; x_wconf 90' lang='lat' dir='ltr'>coll.</span> <span class='ocrx_word' id='word_1_417' title='bbox 1677 1905 1732 1938; x_wconf 88' lang='lat' dir='ltr'>ep</span> 
     </span>
     <span class='ocr_line' id='line_1_38' title="bbox 178 1941 1511 1987; baseline 0 -12"><span class='ocrx_word' id='word_1_418' title='bbox 178 1941 246 1975; x_wconf 92' lang='lat' dir='ltr'>IX.</span> <span class='ocrx_word' id='word_1_419' title='bbox 273 1942 304 1976; x_wconf 95' lang='lat'>4.</span> <span class='ocrx_word' id='word_1_420' title='bbox 330 1942 408 1986; x_wconf 73' lang='grc'>(75)</span> <span class='ocrx_word' id='word_1_421' title='bbox 434 1942 465 1977; x_wconf 95' lang='grc'>9.</span> <span class='ocrx_word' id='word_1_422' title='bbox 493 1941 562 1977; x_wconf 89' lang='grc' dir='ltr'>ΙΧ.</span> <span class='ocrx_word' id='word_1_423' title='bbox 591 1943 609 1976; x_wconf 90' lang='lat'>5</span> <span class='ocrx_word' id='word_1_424' title='bbox 636 1943 710 1982; x_wconf 76' lang='grc'>(76)</span> <span class='ocrx_word' id='word_1_425' title='bbox 739 1943 771 1978; x_wconf 92' lang='lat'>3.</span> <span class='ocrx_word' id='word_1_426' title='bbox 797 1942 909 1978; x_wconf 90' lang='lat' dir='ltr'>XIII.</span> <span class='ocrx_word' id='word_1_427' title='bbox 936 1943 955 1977; x_wconf 90' lang='grc'>3</span> <span class='ocrx_word' id='word_1_428' title='bbox 982 1943 1059 1987; x_wconf 80' lang='lat'><em>(88)</em></span> <span class='ocrx_word' id='word_1_429' title='bbox 1086 1943 1142 1978; x_wconf 90' lang='grc'>36.</span> <span class='ocrx_word' id='word_1_430' title='bbox 1169 1942 1276 1977; x_wconf 90' lang='lat' dir='ltr'>XIX.</span> <span class='ocrx_word' id='word_1_431' title='bbox 1304 1943 1323 1976; x_wconf 96' lang='lat'>5</span> <span class='ocrx_word' id='word_1_432' title='bbox 1351 1941 1452 1985; x_wconf 86' lang='grc'><strong>(114)</strong></span> <span class='ocrx_word' id='word_1_433' title='bbox 1479 1941 1511 1976; x_wconf 94' lang='grc'>8.</span> 
     </span>
    </p>

    <p class='ocr_par' dir='ltr' id='par_1_3' title="bbox 178 1985 1734 2364">
     <span class='ocr_line' id='line_1_39' title="bbox 272 1985 1733 2033; baseline -0.002 -9"><span class='ocrx_word' id='word_1_434' title='bbox 272 1989 327 2024; x_wconf 85' lang='grc'>68.</span> <span class='ocrx_word' id='word_1_435' title='bbox 355 1988 415 2023; x_wconf 86' lang='grc'>810</span> <span class='ocrx_word' id='word_1_436' title='bbox 450 1985 664 2023; x_wconf 83' lang='lat' dir='ltr'>adverbium</span> <span class='ocrx_word' id='word_1_437' title='bbox 699 1990 865 2033; x_wconf 83' lang='lat' dir='ltr'>ubique</span> <span class='ocrx_word' id='word_1_438' title='bbox 900 1990 922 2023; x_wconf 92' lang='lat' dir='ltr'>i.</span> <span class='ocrx_word' id='word_1_439' title='bbox 959 2001 988 2024; x_wconf 90' lang='lat' dir='ltr'>e.</span> <span class='ocrx_word' id='word_1_440' title='bbox 1016 2001 1155 2033; x_wconf 85' lang='lat' dir='ltr'>quoque</span> <span class='ocrx_word' id='word_1_441' title='bbox 1182 1990 1263 2024; x_wconf 93' lang='lat' dir='ltr'>loco</span> <span class='ocrx_word' id='word_1_442' title='bbox 1291 1990 1328 2022; x_wconf 92' lang='lat' dir='ltr'>in</span> <span class='ocrx_word' id='word_1_443' title='bbox 1353 1989 1543 2022; x_wconf 85' lang='lat' dir='ltr'>sententiis</span> <span class='ocrx_word' id='word_1_444' title='bbox 1570 1988 1733 2022; x_wconf 85' lang='lat' dir='ltr'>relativis</span> 
     </span>
     <span class='ocr_line' id='line_1_40' title="bbox 179 2035 1733 2080; baseline 0 -11"><span class='ocrx_word' id='word_1_445' title='bbox 179 2036 434 2080; x_wconf 83' lang='lat' dir='ltr'>interponitur,</span> <span class='ocrx_word' id='word_1_446' title='bbox 454 2040 493 2070; x_wconf 90' lang='lat' dir='ltr'>ut</span> <span class='ocrx_word' id='word_1_447' title='bbox 511 2036 715 2070; x_wconf 86' lang='lat' dir='ltr'>definiatur.</span> <span class='ocrx_word' id='word_1_448' title='bbox 735 2037 939 2080; x_wconf 77' lang='lat' dir='ltr'>quicunque</span> <span class='ocrx_word' id='word_1_449' title='bbox 952 2036 1050 2070; x_wconf 89' lang='lat' dir='ltr'>locus</span> <span class='ocrx_word' id='word_1_450' title='bbox 1066 2040 1138 2073; x_wconf 83' lang='lat' dir='ltr'>est:</span> <span class='ocrx_word' id='word_1_451' title='bbox 1158 2048 1223 2071; x_wconf 90' lang='lat' dir='ltr'>nos</span> <span class='ocrx_word' id='word_1_452' title='bbox 1240 2037 1407 2070; x_wconf 86' lang='lat' dir='ltr'>dicimus.</span> <span class='ocrx_word' id='word_1_453' title='bbox 1430 2036 1497 2077; x_wconf 82' lang='lat' dir='ltr'>„ir</span> <span class='ocrx_word' id='word_1_454' title='bbox 1505 2035 1733 2080; x_wconf 84' lang='lat' dir='ltr'>gendwo‘.</span> 
     </span>
     <span class='ocr_line' id='line_1_41' title="bbox 178 2071 1734 2127; baseline 0 -11"><span class='ocrx_word' id='word_1_455' title='bbox 178 2082 231 2118; x_wconf 85' lang='lat' dir='ltr'>Cf.</span> <span class='ocrx_word' id='word_1_456' title='bbox 250 2083 341 2118; x_wconf 90' lang='lat' dir='ltr'>Hor.</span> <span class='ocrx_word' id='word_1_457' title='bbox 367 2082 482 2118; x_wconf 87' lang='lat' dir='ltr'>Serm.</span> <span class='ocrx_word' id='word_1_458' title='bbox 509 2083 539 2117; x_wconf 91' lang='lat' dir='ltr'>I.</span> <span class='ocrx_word' id='word_1_459' title='bbox 566 2084 598 2124; x_wconf 87' lang='grc'>2,</span> <span class='ocrx_word' id='word_1_460' title='bbox 625 2084 680 2119; x_wconf 74' lang='grc'><strong>61).</strong></span> <span class='ocrx_word' id='word_1_461' title='bbox 707 2071 761 2119; x_wconf 91' lang='grc'>61.</span> <span class='ocrx_word' id='word_1_462' title='bbox 789 2096 861 2117; x_wconf 83' lang='grc'><strong>11011</strong></span> <span class='ocrx_word' id='word_1_463' title='bbox 887 2084 988 2124; x_wconf 88' lang='lat' dir='ltr'>illud,</span> <span class='ocrx_word' id='word_1_464' title='bbox 1017 2084 1191 2127; x_wconf 82' lang='lat' dir='ltr'>quicquid</span> <span class='ocrx_word' id='word_1_465' title='bbox 1216 2084 1389 2127; x_wconf 87' lang='lat' dir='ltr'>ubique</span> <span class='ocrx_word' id='word_1_466' title='bbox 1416 2081 1541 2123; x_wconf 83' lang='lat' dir='ltr'>officit,</span> <span class='ocrx_word' id='word_1_467' title='bbox 1570 2082 1734 2117; x_wconf 77' lang='lat' dir='ltr'>evitare?</span> 
     </span>
     <span class='ocr_line' id='line_1_42' title="bbox 181 2129 1732 2175; baseline 0.001 -11"><span class='ocrx_word' id='word_1_468' title='bbox 181 2130 283 2166; x_wconf 80' lang='lat' dir='ltr'>Caes.</span> <span class='ocrx_word' id='word_1_469' title='bbox 310 2130 382 2165; x_wconf 90' lang='lat' dir='ltr'>BC.</span> <span class='ocrx_word' id='word_1_470' title='bbox 411 2129 462 2165; x_wconf 92' lang='lat' dir='ltr'>II.</span> <span class='ocrx_word' id='word_1_471' title='bbox 490 2131 544 2165; x_wconf 74' lang='lat'>20.</span> <span class='ocrx_word' id='word_1_472' title='bbox 572 2134 607 2164; x_wconf 87' lang='lat' dir='ltr'>et</span> <span class='ocrx_word' id='word_1_473' title='bbox 634 2131 721 2174; x_wconf 87' lang='lat' dir='ltr'>quid</span> <span class='ocrx_word' id='word_1_474' title='bbox 747 2131 918 2175; x_wconf 85' lang='lat' dir='ltr'>ubique</span> <span class='ocrx_word' id='word_1_475' title='bbox 944 2131 1078 2165; x_wconf 86' lang='lat' dir='ltr'>habeat</span> <span class='ocrx_word' id='word_1_476' title='bbox 1105 2131 1288 2166; x_wconf 86' lang='lat' dir='ltr'>frumenti.</span> <span class='ocrx_word' id='word_1_477' title='bbox 1341 2130 1415 2164; x_wconf 87' lang='lat' dir='ltr'>Cic.</span> <span class='ocrx_word' id='word_1_478' title='bbox 1436 2129 1541 2164; x_wconf 88' lang='lat' dir='ltr'>Verr.</span> <span class='ocrx_word' id='word_1_479' title='bbox 1561 2129 1629 2165; x_wconf 90' lang='lat' dir='ltr'>IV.</span> <span class='ocrx_word' id='word_1_480' title='bbox 1648 2130 1680 2171; x_wconf 89' lang='lat'>4,</span> <span class='ocrx_word' id='word_1_481' title='bbox 1701 2131 1732 2165; x_wconf 74' lang='lat'>7.</span> 
     </span>
     <span class='ocr_line' id='line_1_43' title="bbox 181 2176 1734 2222; baseline 0 -12"><span class='ocrx_word' id='word_1_482' title='bbox 181 2177 335 2218; x_wconf 87' lang='lat' dir='ltr'>Verres,</span> <span class='ocrx_word' id='word_1_483' title='bbox 371 2178 467 2221; x_wconf 88' lang='lat' dir='ltr'>quod</span> <span class='ocrx_word' id='word_1_484' title='bbox 501 2178 674 2221; x_wconf 86' lang='lat' dir='ltr'>ubique</span> <span class='ocrx_word' id='word_1_485' title='bbox 709 2179 778 2212; x_wconf 90' lang='lat' dir='ltr'>erit</span> <span class='ocrx_word' id='word_1_486' title='bbox 804 2178 1100 2222; x_wconf 87' lang='lat' dir='ltr'>pulcherrimum,</span> <span class='ocrx_word' id='word_1_487' title='bbox 1137 2178 1288 2213; x_wconf 86' lang='lat' dir='ltr'>auferet.</span> <span class='ocrx_word' id='word_1_488' title='bbox 1340 2179 1430 2222; x_wconf 86' lang='lat' dir='ltr'>Agr.</span> <span class='ocrx_word' id='word_1_489' title='bbox 1458 2176 1510 2212; x_wconf 88' lang='lat' dir='ltr'>II.</span> <span class='ocrx_word' id='word_1_490' title='bbox 1538 2177 1593 2211; x_wconf 88' lang='grc'>21.</span> <span class='ocrx_word' id='word_1_491' title='bbox 1622 2177 1734 2211; x_wconf 88' lang='lat' dir='ltr'>ceteri</span> 
     </span>
     <span class='ocr_line' id='line_1_44' title="bbox 179 2224 1731 2270; baseline -0.001 -12"><span class='ocrx_word' id='word_1_492' title='bbox 179 2225 258 2270; x_wconf 87' lang='lat' dir='ltr'>agri</span> <span class='ocrx_word' id='word_1_493' title='bbox 292 2237 435 2265; x_wconf 85' lang='lat' dir='ltr'>omnes,</span> <span class='ocrx_word' id='word_1_494' title='bbox 472 2225 533 2269; x_wconf 84' lang='lat' dir='ltr'>qui</span> <span class='ocrx_word' id='word_1_495' title='bbox 566 2225 738 2269; x_wconf 82' lang='lat' dir='ltr'>ubique</span> <span class='ocrx_word' id='word_1_496' title='bbox 765 2229 859 2261; x_wconf 89' lang='lat' dir='ltr'>sunt.</span> <span class='ocrx_word' id='word_1_497' title='bbox 910 2225 992 2260; x_wconf 85' lang='lat' dir='ltr'>Div.</span> <span class='ocrx_word' id='word_1_498' title='bbox 1019 2225 1070 2260; x_wconf 92' lang='grc' dir='ltr'>ΙΙ.</span> <span class='ocrx_word' id='word_1_499' title='bbox 1098 2225 1153 2260; x_wconf 79' lang='grc'>44.</span> <span class='ocrx_word' id='word_1_500' title='bbox 1180 2226 1309 2259; x_wconf 75' lang='lat' dir='ltr'>volunt</span> <span class='ocrx_word' id='word_1_501' title='bbox 1335 2236 1461 2258; x_wconf 90' lang='lat' dir='ltr'>omnes</span> <span class='ocrx_word' id='word_1_502' title='bbox 1488 2224 1617 2258; x_wconf 89' lang='lat' dir='ltr'>eodem</span> <span class='ocrx_word' id='word_1_503' title='bbox 1642 2228 1731 2258; x_wconf 89' lang='lat' dir='ltr'>tem-</span> 
     </span>
     <span class='ocr_line' id='line_1_45' title="bbox 178 2270 1732 2316; baseline 0 -11"><span class='ocrx_word' id='word_1_504' title='bbox 178 2283 266 2316; x_wconf 92' lang='lat' dir='ltr'>pore</span> <span class='ocrx_word' id='word_1_505' title='bbox 301 2276 417 2313; x_wconf 88' lang='lat' dir='ltr'>ortos,</span> <span class='ocrx_word' id='word_1_506' title='bbox 453 2272 513 2316; x_wconf 88' lang='lat' dir='ltr'>qui</span> <span class='ocrx_word' id='word_1_507' title='bbox 548 2272 718 2316; x_wconf 87' lang='lat' dir='ltr'>ubique</span> <span class='ocrx_word' id='word_1_508' title='bbox 754 2273 825 2306; x_wconf 86' lang='lat' dir='ltr'>sint</span> <span class='ocrx_word' id='word_1_509' title='bbox 852 2274 947 2314; x_wconf 87' lang='lat' dir='ltr'>nati,</span> <span class='ocrx_word' id='word_1_510' title='bbox 983 2273 1109 2307; x_wconf 88' lang='lat' dir='ltr'>eadem</span> <span class='ocrx_word' id='word_1_511' title='bbox 1136 2273 1349 2307; x_wconf 88' lang='lat' dir='ltr'>condicione</span> <span class='ocrx_word' id='word_1_512' title='bbox 1376 2272 1486 2306; x_wconf 86' lang='lat' dir='ltr'>nasci.</span> <span class='ocrx_word' id='word_1_513' title='bbox 1539 2271 1627 2306; x_wconf 83' lang='lat' dir='ltr'>Sall.</span> <span class='ocrx_word' id='word_1_514' title='bbox 1654 2270 1732 2305; x_wconf 87' lang='lat' dir='ltr'>Cat.</span> 
     </span>
     <span class='ocr_line' id='line_1_46' title="bbox 179 2318 1166 2364; baseline 0.001 -11"><span class='ocrx_word' id='word_1_515' title='bbox 179 2318 287 2354; x_wconf 91' lang='lat' dir='ltr'>XXI.</span> <span class='ocrx_word' id='word_1_516' title='bbox 316 2321 346 2355; x_wconf 83' lang='lat'>1.</span> <span class='ocrx_word' id='word_1_517' title='bbox 373 2320 460 2363; x_wconf 81' lang='lat' dir='ltr'>quid</span> <span class='ocrx_word' id='word_1_518' title='bbox 486 2319 657 2363; x_wconf 90' lang='lat' dir='ltr'>ubique</span> <span class='ocrx_word' id='word_1_519' title='bbox 683 2320 761 2364; x_wconf 88' lang='lat' dir='ltr'>opis</span> <span class='ocrx_word' id='word_1_520' title='bbox 789 2323 849 2353; x_wconf 88' lang='lat' dir='ltr'>aut</span> <span class='ocrx_word' id='word_1_521' title='bbox 877 2320 953 2364; x_wconf 90' lang='lat' dir='ltr'>spei</span> <span class='ocrx_word' id='word_1_522' title='bbox 979 2320 1166 2355; x_wconf 86' lang='lat' dir='ltr'>haberent.</span> 
     </span>
    </p>

    <p class='ocr_par' dir='ltr' id='par_1_4' title="bbox 180 2366 1735 2552">
     <span class='ocr_line' id='line_1_47' title="bbox 275 2366 1735 2410; baseline -0.001 -9"><span class='ocrx_word' id='word_1_523' title='bbox 275 2367 330 2402; x_wconf 88' lang='grc'>69.</span> <span class='ocrx_word' id='word_1_524' title='bbox 351 2366 592 2409; x_wconf 86' lang='lat' dir='ltr'>„Christliche</span> <span class='ocrx_word' id='word_1_525' title='bbox 612 2366 789 2402; x_wconf 67' lang='grc' dir='ltr'>8611116112ιι</span> <span class='ocrx_word' id='word_1_526' title='bbox 810 2367 1074 2402; x_wconf 82' lang='lat' dir='ltr'>FroehlichiuS.</span> <span class='ocrx_word' id='word_1_527' title='bbox 1116 2366 1200 2401; x_wconf 78' lang='lat' dir='ltr'>Non</span> <span class='ocrx_word' id='word_1_528' title='bbox 1224 2367 1411 2400; x_wconf 76' lang='lat' dir='ltr'>inventam</span> <span class='ocrx_word' id='word_1_529' title='bbox 1429 2377 1496 2410; x_wconf 80' lang='lat' dir='ltr'>ego</span> <span class='ocrx_word' id='word_1_530' title='bbox 1515 2366 1735 2400; x_wconf 89' lang='lat' dir='ltr'>sententiam</span> 
     </span>
     <span class='ocr_line' id='line_1_48' title="bbox 180 2413 1735 2458; baseline -0.001 -11"><span class='ocrx_word' id='word_1_531' title='bbox 180 2413 225 2447; x_wconf 89' lang='lat' dir='ltr'>ab</span> <span class='ocrx_word' id='word_1_532' title='bbox 259 2413 405 2448; x_wconf 86' lang='lat' dir='ltr'>homine</span> <span class='ocrx_word' id='word_1_533' title='bbox 440 2414 597 2458; x_wconf 86' lang='lat' dir='ltr'>quodam</span> <span class='ocrx_word' id='word_1_534' title='bbox 630 2414 846 2454; x_wconf 77' lang='lat' dir='ltr'>christiano.</span> <span class='ocrx_word' id='word_1_535' title='bbox 885 2414 947 2448; x_wconf 89' lang='lat' dir='ltr'>sed</span> <span class='ocrx_word' id='word_1_536' title='bbox 979 2415 1090 2448; x_wconf 75' lang='lat' dir='ltr'>verba</span> <span class='ocrx_word' id='word_1_537' title='bbox 1124 2415 1271 2448; x_wconf 86' lang='lat' dir='ltr'>inventa</span> <span class='ocrx_word' id='word_1_538' title='bbox 1304 2414 1348 2448; x_wconf 87' lang='lat' dir='ltr'>ab</span> <span class='ocrx_word' id='word_1_539' title='bbox 1384 2425 1426 2448; x_wconf 90' lang='lat' dir='ltr'>eo</span> <span class='ocrx_word' id='word_1_540' title='bbox 1453 2414 1489 2447; x_wconf 89' lang='lat' dir='ltr'>in</span> <span class='ocrx_word' id='word_1_541' title='bbox 1516 2413 1735 2447; x_wconf 85' lang='lat' dir='ltr'>christianae</span> 
     </span>
     <span class='ocr_line' id='line_1_49' title="bbox 182 2460 1732 2506; baseline -0.001 -11"><span class='ocrx_word' id='word_1_542' title='bbox 182 2461 343 2495; x_wconf 87' lang='lat' dir='ltr'>colorem</span> <span class='ocrx_word' id='word_1_543' title='bbox 375 2461 564 2506; x_wconf 88' lang='lat' dir='ltr'>religionis</span> <span class='ocrx_word' id='word_1_544' title='bbox 599 2461 783 2496; x_wconf 84' lang='lat' dir='ltr'>declinata</span> <span class='ocrx_word' id='word_1_545' title='bbox 817 2473 895 2496; x_wconf 86' lang='lat' dir='ltr'>esse</span> <span class='ocrx_word' id='word_1_546' title='bbox 921 2461 1092 2497; x_wconf 84' lang='lat' dir='ltr'>arbitror.</span> <span class='ocrx_word' id='word_1_547' title='bbox 1143 2461 1308 2495; x_wconf 83' lang='lat' dir='ltr'>Multis</span> <span class='ocrx_word' id='word_1_548' title='bbox 1336 2462 1357 2496; x_wconf 92' lang='lat' dir='ltr'>i.</span> <span class='ocrx_word' id='word_1_549' title='bbox 1386 2472 1416 2495; x_wconf 92' lang='lat' dir='ltr'>e.</span> <span class='ocrx_word' id='word_1_550' title='bbox 1442 2461 1566 2494; x_wconf 86' lang='lat' dir='ltr'>multis</span> <span class='ocrx_word' id='word_1_551' title='bbox 1600 2460 1732 2499; x_wconf 84' lang='lat' dir='ltr'>verbis,</span> 
     </span>
     <span class='ocr_line' id='line_1_50' title="bbox 180 2507 1732 2552; baseline 0 -11"><span class='ocrx_word' id='word_1_552' title='bbox 180 2507 222 2542; x_wconf 90' lang='lat' dir='ltr'>fe</span> <span class='ocrx_word' id='word_1_553' title='bbox 233 2511 275 2541; x_wconf 89' lang='lat' dir='ltr'>rt</span> <span class='ocrx_word' id='word_1_554' title='bbox 301 2508 324 2543; x_wconf 91' lang='lat' dir='ltr'>i.</span> <span class='ocrx_word' id='word_1_555' title='bbox 351 2519 380 2543; x_wconf 88' lang='lat' dir='ltr'>e.</span> <span class='ocrx_word' id='word_1_556' title='bbox 408 2508 479 2543; x_wconf 83' lang='lat' dir='ltr'>fert·</span> <span class='ocrx_word' id='word_1_557' title='bbox 504 2509 562 2543; x_wconf 82' lang='lat' dir='ltr'>vel</span> <span class='ocrx_word' id='word_1_558' title='bbox 580 2508 683 2543; x_wconf 83' lang='lat' dir='ltr'>effert</span> <span class='ocrx_word' id='word_1_559' title='bbox 701 2509 868 2542; x_wconf 88' lang='lat' dir='ltr'>laudibus</span> <span class='ocrx_word' id='word_1_560' title='bbox 888 2509 933 2542; x_wconf 87' lang='lat' dir='ltr'>cf.</span> <span class='ocrx_word' id='word_1_561' title='bbox 953 2508 1026 2544; x_wconf 86' lang='lat' dir='ltr'>Cic.</span> <span class='ocrx_word' id='word_1_562' title='bbox 1046 2520 1112 2552; x_wconf 90' lang='lat' dir='ltr'>pro</span> <span class='ocrx_word' id='word_1_563' title='bbox 1130 2509 1242 2543; x_wconf 88' lang='lat' dir='ltr'>Arch.</span> <span class='ocrx_word' id='word_1_564' title='bbox 1261 2509 1293 2544; x_wconf 83' lang='lat'>8.</span> <span class='ocrx_word' id='word_1_565' title='bbox 1312 2509 1356 2542; x_wconf 87' lang='lat' dir='ltr'>de</span> <span class='ocrx_word' id='word_1_566' title='bbox 1375 2511 1466 2542; x_wconf 88' lang='lat' dir='ltr'>orat.</span> <span class='ocrx_word' id='word_1_567' title='bbox 1483 2507 1558 2541; x_wconf 83' lang='lat' dir='ltr'>III.</span> <span class='ocrx_word' id='word_1_568' title='bbox 1579 2508 1632 2547; x_wconf 90' lang='lat'>56,</span> <span class='ocrx_word' id='word_1_569' title='bbox 1653 2507 1732 2542; x_wconf 88' lang='grc'><strong>214.</strong></span> 
     </span>
    </p>

    <p class='ocr_par' dir='ltr' id='par_1_5' title="bbox 181 2555 1735 2789">
     <span class='ocr_line' id='line_1_51' title="bbox 276 2555 1733 2600; baseline 0 -11"><span class='ocrx_word' id='word_1_570' title='bbox 276 2555 330 2590; x_wconf 76' lang='grc' dir='ltr'>ῖ5.</span> <span class='ocrx_word' id='word_1_571' title='bbox 358 2555 516 2590; x_wconf 87' lang='lat' dir='ltr'>Versum</span> <span class='ocrx_word' id='word_1_572' title='bbox 540 2556 687 2600; x_wconf 87' lang='lat' dir='ltr'>repetiit</span> <span class='ocrx_word' id='word_1_573' title='bbox 713 2555 884 2590; x_wconf 89' lang='lat' dir='ltr'>Lactant.</span> <span class='ocrx_word' id='word_1_574' title='bbox 911 2555 1001 2591; x_wconf 88' lang='lat' dir='ltr'>Inst.</span> <span class='ocrx_word' id='word_1_575' title='bbox 1023 2555 1096 2591; x_wconf 85' lang='lat' dir='ltr'>III.</span> <span class='ocrx_word' id='word_1_576' title='bbox 1126 2556 1179 2591; x_wconf 75' lang='lat'>17.</span> <span class='ocrx_word' id='word_1_577' title='bbox 1230 2555 1306 2590; x_wconf 91' lang='lat' dir='ltr'>Nec</span> <span class='ocrx_word' id='word_1_578' title='bbox 1333 2555 1469 2589; x_wconf 88' lang='lat' dir='ltr'>frustra</span> <span class='ocrx_word' id='word_1_579' title='bbox 1495 2555 1635 2588; x_wconf 88' lang='lat' dir='ltr'>dictum</span> <span class='ocrx_word' id='word_1_580' title='bbox 1661 2558 1733 2589; x_wconf 85' lang='lat' dir='ltr'>est:</span> 
     </span>
     <span class='ocr_line' id='line_1_52' title="bbox 181 2601 1735 2646; baseline -0.001 -10"><span class='ocrx_word' id='word_1_581' title='bbox 181 2601 231 2637; x_wconf 85' lang='lat' dir='ltr'>M.</span> <span class='ocrx_word' id='word_1_582' title='bbox 256 2614 303 2636; x_wconf 92' lang='lat' dir='ltr'>m.</span> <span class='ocrx_word' id='word_1_583' title='bbox 330 2614 364 2638; x_wconf 92' lang='lat' dir='ltr'>n.</span> <span class='ocrx_word' id='word_1_584' title='bbox 392 2614 421 2638; x_wconf 90' lang='lat' dir='ltr'>e.</span> <span class='ocrx_word' id='word_1_585' title='bbox 448 2615 478 2639; x_wconf 86' lang='lat' dir='ltr'>a.</span> <span class='ocrx_word' id='word_1_586' title='bbox 506 2614 536 2638; x_wconf 87' lang='lat' dir='ltr'>a.</span> <span class='ocrx_word' id='word_1_587' title='bbox 555 2615 601 2637; x_wconf 90' lang='lat' dir='ltr'>m.</span> <span class='ocrx_word' id='word_1_588' title='bbox 621 2614 650 2638; x_wconf 92' lang='lat' dir='ltr'>e.</span> <span class='ocrx_word' id='word_1_589' title='bbox 670 2615 716 2638; x_wconf 90' lang='lat' dir='ltr'>m.</span> <span class='ocrx_word' id='word_1_590' title='bbox 734 2603 802 2636; x_wconf 87' lang='lat' dir='ltr'>hoc</span> <span class='ocrx_word' id='word_1_591' title='bbox 821 2608 893 2637; x_wconf 86' lang='lat' dir='ltr'>est:</span> <span class='ocrx_word' id='word_1_592' title='bbox 921 2603 1047 2637; x_wconf 85' lang='lat' dir='ltr'>morbo</span> <span class='ocrx_word' id='word_1_593' title='bbox 1066 2603 1264 2643; x_wconf 82' lang='lat' dir='ltr'>tabescere,</span> <span class='ocrx_word' id='word_1_594' title='bbox 1293 2604 1407 2637; x_wconf 88' lang='lat' dir='ltr'>ictum</span> <span class='ocrx_word' id='word_1_595' title='bbox 1424 2602 1577 2646; x_wconf 88' lang='lat' dir='ltr'>perpeti,</span> <span class='ocrx_word' id='word_1_596' title='bbox 1598 2601 1735 2635; x_wconf 88' lang='lat' dir='ltr'>ferrum</span> 
     </span>
     <span class='ocr_line' id='line_1_53' title="bbox 182 2648 1735 2695; baseline -0.001 -12"><span class='ocrx_word' id='word_1_597' title='bbox 182 2661 333 2693; x_wconf 89' lang='lat' dir='ltr'>corpore</span> <span class='ocrx_word' id='word_1_598' title='bbox 367 2650 554 2694; x_wconf 82' lang='lat' dir='ltr'>excipere,</span> <span class='ocrx_word' id='word_1_599' title='bbox 590 2650 718 2684; x_wconf 86' lang='lat' dir='ltr'>ardere</span> <span class='ocrx_word' id='word_1_600' title='bbox 749 2651 841 2695; x_wconf 83' lang='lat' dir='ltr'>igni,</span> <span class='ocrx_word' id='word_1_601' title='bbox 881 2650 1049 2684; x_wconf 87' lang='lat' dir='ltr'>dentibus</span> <span class='ocrx_word' id='word_1_602' title='bbox 1084 2651 1285 2684; x_wconf 86' lang='lat' dir='ltr'>bestiarum</span> <span class='ocrx_word' id='word_1_603' title='bbox 1318 2650 1459 2684; x_wconf 86' lang='lat' dir='ltr'>laniari.</span> <span class='ocrx_word' id='word_1_604' title='bbox 1516 2648 1619 2683; x_wconf 85' lang='lat' dir='ltr'>Haec</span> <span class='ocrx_word' id='word_1_605' title='bbox 1652 2651 1735 2682; x_wconf 91' lang='lat' dir='ltr'>sunt-</span> 
     </span>
     <span class='ocr_line' id='line_1_54' title="bbox 182 2696 1733 2741; baseline -0.001 -11"><span class='ocrx_word' id='word_1_606' title='bbox 182 2707 274 2740; x_wconf 87' lang='lat' dir='ltr'>quae</span> <span class='ocrx_word' id='word_1_607' title='bbox 300 2697 493 2737; x_wconf 82' lang='lat' dir='ltr'>timentur,</span> <span class='ocrx_word' id='word_1_608' title='bbox 529 2708 602 2731; x_wconf 88' lang='lat' dir='ltr'>non</span> <span class='ocrx_word' id='word_1_609' title='bbox 636 2698 720 2741; x_wconf 86' lang='lat' dir='ltr'>quia</span> <span class='ocrx_word' id='word_1_610' title='bbox 753 2701 911 2731; x_wconf 87' lang='lat' dir='ltr'>mortem</span> <span class='ocrx_word' id='word_1_611' title='bbox 943 2696 1118 2731; x_wconf 82' lang='lat' dir='ltr'>afferunt.</span> <span class='ocrx_word' id='word_1_612' title='bbox 1154 2697 1216 2732; x_wconf 89' lang='lat' dir='ltr'>sed</span> <span class='ocrx_word' id='word_1_613' title='bbox 1251 2698 1334 2741; x_wconf 87' lang='lat' dir='ltr'>quia</span> <span class='ocrx_word' id='word_1_614' title='bbox 1360 2697 1524 2731; x_wconf 90' lang='lat' dir='ltr'>dolorem</span> <span class='ocrx_word' id='word_1_615' title='bbox 1549 2707 1733 2739; x_wconf 88' lang='lat' dir='ltr'>magnum.</span> 
     </span>
     <span class='ocr_line' id='line_1_55' title="bbox 185 2742 1734 2789; baseline -0.002 -12"><span class='ocrx_word' id='word_1_616' title='bbox 185 2743 299 2786; x_wconf 89' lang='lat' dir='ltr'>„Cum</span> <span class='ocrx_word' id='word_1_617' title='bbox 332 2745 378 2777; x_wconf 87' lang='lat' dir='ltr'>sit</span> <span class='ocrx_word' id='word_1_618' title='bbox 413 2745 574 2778; x_wconf 87' lang='lat' dir='ltr'>senarius</span> <span class='ocrx_word' id='word_1_619' title='bbox 608 2755 750 2784; x_wconf 84' lang='lat' dir='ltr'>versus,</span> <span class='ocrx_word' id='word_1_620' title='bbox 787 2745 903 2788; x_wconf 87' lang='lat' dir='ltr'>possit</span> <span class='ocrx_word' id='word_1_621' title='bbox 937 2748 972 2778; x_wconf 90' lang='lat' dir='ltr'>et</span> <span class='ocrx_word' id='word_1_622' title='bbox 998 2745 1076 2789; x_wconf 87' lang='lat' dir='ltr'>ipse</span> <span class='ocrx_word' id='word_1_623' title='bbox 1102 2755 1178 2779; x_wconf 87' lang='lat' dir='ltr'>esse</span> <span class='ocrx_word' id='word_1_624' title='bbox 1205 2756 1249 2778; x_wconf 85' lang='lat' dir='ltr'>ex</span> <span class='ocrx_word' id='word_1_625' title='bbox 1275 2744 1415 2779; x_wconf 85' lang='lat' dir='ltr'>Graeco</span> <span class='ocrx_word' id='word_1_626' title='bbox 1441 2742 1658 2782; x_wconf 84' lang='lat' dir='ltr'>translatus,</span> <span class='ocrx_word' id='word_1_627' title='bbox 1694 2746 1734 2775; x_wconf 87' lang='lat' dir='ltr'>ut</span> 
     </span>
    </p>
   </div>
  </div>
 </body>
</html>
