1967 3090
769 116 1037 158 —49-

244 235 477 276 Honestum
509 232 660 281 laedas,
694 232 786 274 clim
817 244 888 285 pro
919 231 1086 285 indigno
1119 229 1314 285 postules.

258 362 283 380 v

242 445 414 486 Inferior
445 445 581 492 rescit,
616 443 808 496 quicquid
839 444 982 496 peccat
1015 442 1236 495 superior*

240 508 457 550 Inimicum
490 508 634 549 ulcisci
665 507 792 548 vitam
827 508 1011 560 accipere
1045 508 1107 548 est
1140 505 1332 546 alteram.

242 573 423 615 Invitum
454 586 547 614 cum
579 572 770 620 retineas,
805 573 913 613 exire
946 571 1138 612 incites*

242 637 552 690 Ingenuitatem
583 636 736 684 laedas„
771 649 865 677 cum
896 635 1111 689 indignum
1143 646 1282 688 roges.

170 718 210 746 o.
244 703 291 743 In
323 701 434 742 nullo
467 714 613 742 avarus
647 701 772 742 bonus
807 702 882 748 est,
917 701 959 741 in
992 713 1034 741 se
1065 699 1311 753 pessimus*

241 765 358 819 Inopi
389 765 632 806 beneficium
662 765 724 806 bis
757 764 840 812 dat,
875 765 944 817 qui
976 764 1045 805 dat
1078 763 1278 804 celeriter.

243 831 406 883 Inopiae
439 829 585 870 desunt
610 829 757 877 multa,
791 829 988 869 avaritiae
1021 829 1198 869 61111113*

243 894 448 935 Instructa
478 894 614 947 inopia
645 895 708 934 est
740 893 780 933 in
813 893 969 933 divitiis
1002 892 1245 946 cupiditas*

1590 762 1615 804 ιο

1622 762 1646 804 ω

1664 776 1675 802 ν

138 1081 346 1115 Turicensis
374 1079 524 1117 salvum,
552 1083 591 1112 ut
617 1078 773 1119 videtur,
808 1079 972 1113 tradidit.
998 1078 1044 1111 ef.
1072 1078 1184 1112 eiusd.
1212 1078 1291 1113 cod.
1319 1089 1350 1110 v.
1380 1077 1424 1112 Τι’
1453 1075 1576 1122 [Publ.
1604 1074 1624 1109 I
1651 1075 1695 1110 63

139 1128 271 1173 (264)].
307 1148 351 1152 —
384 1127 439 1161 29.
478 1126 706 1159 honestatem
732 1125 773 1159 T.
805 1125 927 1159 laedes
960 1124 999 1165 T,
1040 1125 1154 1159 laedis
1192 1125 1329 1168 Haupt.
1356 1123 1451 1158 Phil.
1485 1123 1514 1156 I.
1550 1134 1584 1166 p.
1621 1123 1700 1158 665.

139 1170 337 1208 intercedis
365 1173 403 1213 T,
431 1176 534 1217 petes
563 1172 668 1216 Casp.
697 1171 866 1213 Orellius,
904 1172 1101 1206 intervenis
1127 1171 1323 1215 Hauptius,
1359 1172 1417 1204 cui
1443 1170 1541 1204 idem
1574 1181 1701 1203 versus

140 1226 248 1265 atque
275 1220 381 1255 Publ.
408 1219 429 1254 I
454 1220 475 1254 4
500 1220 602 1264 (233)
627 1219 782 1253 videtur.

257 1313 278 1348 I
305 1316 336 1348 1.
369 1314 481 1348 rescit
513 1312 592 1347 Sca.
626 1312 688 1347 Gr.
723 1313 779 1348 ed.
805 1313 887 1357 Bip.
923 1312 983 1347 Or.
1017 1313 1178 1347 restituit
1205 1312 1288 1347 Wo.
1316 1324 1359 1347 ex
1390 1311 1430 1351 P,
1459 1311 1543 1355 Spe.
1577 1310 1697 1344 nescit

139 1361 207 1396 RE
241 1361 318 1396 cod.
353 1361 545 1395 Leidensis
578 1360 745 1400 Bentleii,
785 1361 916 1394 crescit
954 1360 1031 1394 cod.
1067 1359 1223 1394 Caianus
1260 1359 1430 1398 Bentleii,
1470 1358 1623 1393 orreseit
1652 1357 1694 1397 B,

139 1409 317 1442 horrescit
342 1407 402 1442 FC
429 1407 533 1441 codd.
561 1408 631 1441 duo
657 1407 826 1447 Bentleii,
863 1412 963 1442 casat
994 1407 1071 1441 cod.
1100 1407 1339 1440 Cottonianus
1366 1405 1536 1445 Bentleii,
1574 1405 1700 1438 horret

140 1455 203 1490 Er.
230 1455 339 1489 discit
363 1454 427 1488 Be.
454 1454 542 1488 ascit
569 1454 634 1489 Bo.
661 1465 743 1487 reus
771 1458 827 1487 est
852 1453 912 1490 Ri.
939 1475 984 1478 —
1011 1456 1041 1488 2.
1076 1458 1131 1487 est
1156 1454 1321 1497 accipere
1347 1453 1410 1488 Fa.
1439 1473 1481 1477 —
1509 1453 1540 1487 3.
1568 1451 1698 1485 incites

140 1503 204 1537 Be.
231 1502 292 1536 Or.
318 1501 383 1535 Bo.
411 1501 493 1536 Wo.
520 1500 578 1535 Ri.
608 1500 691 1544 Spe.
718 1501 840 1534 incitis
867 1501 907 1541 P,
942 1501 1072 1534 incitas
1101 1500 1139 1540 C,
1173 1500 1234 1534 Er.
1262 1499 1324 1535 Gr.
1353 1521 1396 1524 —
1422 1500 1456 1534 4.
1482 1500 1520 1533 in
1545 1499 1574 1533 F
1600 1498 1698 1531 infra

140 1550 277 1593 legitur
302 1552 385 1592 post
410 1547 517 1581 Publ.
544 1547 563 1580 I
589 1548 633 1582 46
659 1548 771 1584 (276).
798 1548 920 1582 laedas
939 1547 1038 1581 PRB
1064 1559 1118 1591 pr.
1144 1559 1192 1580 m.
1218 1546 1257 1587 F,
1286 1546 1366 1581 Wo.
1387 1545 1446 1580 Ri.
1473 1545 1556 1590 Spe.
1583 1545 1699 1579 laedis

141 1596 193 1630 Pa
219 1607 288 1630 sec.
315 1607 361 1628 m.
388 1594 419 1628 B
446 1606 538 1629 corr.
566 1594 604 1634 C,
640 1593 700 1627 Er.
729 1594 793 1628 Gr.
821 1594 882 1629 Or.
908 1595 973 1629 Bo.
1001 1595 1152 1635 dignum
1178 1594 1219 1629 B.
1247 1605 1353 1637 roges
1378 1592 1552 1633 PRBFC,
1586 1602 1697 1636 rogas

140 1643 195 1676 Pa
221 1653 290 1677 sec.
315 1653 363 1677 m.
397 1641 460 1675 Er.
488 1662 532 1666 —-
558 1642 590 1675 ὃ.
616 1640 689 1674 Hic
722 1652 848 1674 versus
880 1638 1055 1675 laudatur'
1074 1654 1093 1675 a
1121 1640 1258 1675 Seneca
1284 1652 1339 1684 ep.
1366 1639 1516 1674 XVIII.
1545 1641 1565 1674 Ξ)
1593 1639 1696 1683 (108)

139 1695 173 1730 8.
200 1690 231 1724 9.
259 1689 314 1722 his
340 1688 479 1722 verbis:
510 1687 613 1730 „Non
639 1688 749 1727 vides,
777 1688 1083 1731 quemadmodum
1108 1688 1252 1722 theatra
1285 1691 1493 1727 consonent,
1529 1686 1698 1730 quotiens

141 1736 262 1780 aliqua
299 1735 395 1769 dicta
441 1740 539 1775 sunt,
588 1745 678 1777 quae
717 1735 863 1778 publice
901 1735 1155 1779 adgnoscimus
1194 1739 1229 1768 et
1266 1745 1445 1769 consensu
1489 1745 1576 1768 vera
1621 1743 1701 1767 esse

143 1782 343 1824 testamur?

424 1838 569 1873 Desunt
593 1839 739 1884 inopiae
764 1841 889 1880 multa,
917 1841 1091 1875 avaritiae
1117 1840 1250 1874 omnia.

423 1885 470 1920 In
494 1886 636 1920 nullum
662 1898 790 1920 avarus
816 1888 931 1921 bonus
958 1891 1021 1928 est,
1048 1888 1085 1921 in
1113 1898 1149 1921 se
1176 1887 1367 1931 pessimus.

141 1945 187 1979 ad
212 1945 278 1980 hos
313 1956 438 1978 versus
474 1945 535 1979 ille
574 1946 845 1980 sordidissimus
884 1947 1027 1990 plaudit
1060 1949 1096 1980 et
1127 1947 1227 1980 vitiis
1266 1947 1340 1979 suis
1377 1945 1459 1979 fieri
1496 1945 1700 1979 convicium

142 1992 308 2037 gaudet.“
330 1992 375 2026 ef.
393 1992 570 2026 Ribbeck.
590 1992 691 2026 Com.
709 1992 815 2028 Rom.
834 1992 979 2038 Fragm.
1000 2005 1044 2027 ex
1060 1994 1208 2027 incertis
1231 1993 1357 2028 incert.
1384 1993 1519 2026 fabulis
1538 1991 1700 2027 LXVII.

140 2051 176 2082 p.
206 2038 285 2073 126.
312 2039 350 2072 in
375 2039 518 2072 nullum
545 2038 628 2072 Sen.
654 2039 693 2073 H
718 2040 781 2077 (cf.
808 2040 944 2083 Meyer.
971 2052 1006 2084 p.
1035 2041 1088 2075 18.
1118 2042 1173 2075 55.
1201 2041 1261 2084 60)
1278 2040 1339 2074 Er.
1367 2039 1430 2074 Gr.
1456 2039 1520 2074 Be.
1547 2039 1610 2074 Or.
1636 2039 1702 2073 Bo.

140 2086 199 2120 Ri.
226 2085 310 2129 Spe.
353 2086 391 2118 in
421 2086 523 2119 nullo
555 2085 660 2126 LCE,
689 2087 770 2120 Wo.
805 2087 896 2120 nulli
923 2087 1028 2120 Vino.
1056 2087 1149 2120 Bell.
1177 2099 1230 2131 sp.
1257 2087 1291 2122 d.
1318 2087 1350 2128 4,
1377 2087 1456 2120 144.
1490 2089 1545 2120 est
1571 2097 1640 2120 om.
1667 2090 1702 2128 β.

142 2133 204 2176 qui
229 2132 268 2166 in
294 2143 331 2165 se
348 2132 379 2165 B
407 2144 516 2176 supra
542 2143 610 2168 scr.
637 2145 684 2167 m.
704 2134 735 2168 2.
763 2133 800 2166 in
827 2134 879 2178 se]
907 2134 1007 2178 inopi
1033 2133 1141 2168 Vinc.
1171 2134 1350 2176 „fortasse
1375 2134 1456 2177 ipsi,
1484 2134 1554 2167 nisi
1579 2133 1702 2177 potius

142 2179 350 2223 corruptela
376 2184 455 2212 orta
481 2182 533 2212 est
561 2190 605 2212 ex
630 2192 663 2213 v.
691 2192 763 2223 seq.
791 2181 916 2214 initio“
946 2180 1029 2215 Wo.
1057 2202 1100 2206 ——
1127 2181 1158 2215 6.
1185 2181 1228 2216 E.
1255 2181 1311 2214 bis
1337 2181 1446 2214 datur
1471 2180 1513 2221 B,
1540 2183 1705 2224 praestat

141 2226 180 2260 H
198 2226 243 2261 cf.
262 2225 398 2269 Meyer.
420 2227 470 2260 17.
502 2226 556 2261 61.
584 2227 666 2270 plus
685 2227 748 2261 dat
774 2228 834 2270 qui
853 2227 1021 2261 celeriter
1046 2232 1208 2271 praestat
1227 2227 1268 2262 T.
1290 2227 1457 2262 Similem
1484 2228 1702 2261 sententiam

140 2273 251 2306 habes
285 2273 384 2316 apud
417 2272 520 2307 Caec.
554 2272 657 2308 Balb.
696 2285 731 2317 p.
759 2275 815 2308 24.
841 2274 939 2309 Mon.
971 2274 1077 2308 XIV.
1105 2276 1125 2309 5
1151 2274 1267 2319 (Sent.
1300 2275 1398 2311 45b).
1426 2295 1469 2298 ——
1496 2275 1527 2308 7.
1554 2273 1703 2318 Duplex

143 2319 248 2352 huius
275 2330 400 2353 versus
429 2319 547 2353 forma
573 2331 592 2353 a
620 2320 759 2353 duobus
778 2320 925 2354 Senecis
951 2322 1147 2355 memoriae
1172 2321 1313 2355 tradita
1338 2324 1403 2361 est,
1431 2322 1547 2355 altera
1573 2321 1663 2355 haec
1683 2332 1703 2355 a

145 2365 285 2400 Seneca
312 2366 457 2400 rhetore
484 2366 652 2400 Controv.
680 2366 752 2400 HI.
785 2368 834 2402 18.
860 2380 895 2412 p.
923 2369 1002 2403 227.
1030 2368 1084 2403 ed.
1112 2368 1194 2412 Bip.

497 2423 639 2458 Desunt
663 2425 827 2459 luxuriae
852 2427 978 2467 multa,
1006 2427 1181 2460 avaritiae
1207 2427 1329 2460 omnia

147 2483 261 2517 altera
287 2483 376 2517 haec
402 2495 422 2517 a
449 2482 588 2517 Seneca
613 2484 832 2528 philosopho
859 2496 912 2528 ep.
942 2483 1092 2520 XVHI.
1120 2487 1139 2520 5
1167 2486 1269 2529 (108)
1295 2485 1334 2520 9:

496 2541 638 2576 Desunt
663 2543 806 2587 inopiae
833 2544 958 2585 multa,
986 2545 1160 2578 avaritiae
1186 2544 1318 2580 omnia.

142 2599 292 2644 Inopiae
319 2599 361 2640 L,
396 2600 496 2644 inopi
522 2600 553 2634 B
580 2611 648 2634 sec.
676 2613 723 2635 m.
741 2606 776 2644 β.
805 2602 935 2636 desunt
962 2602 984 2635 1.
1013 2603 1069 2647 (i.)
1105 2603 1218 2636 multa
1245 2602 1329 2636 Sen.
1355 2602 1439 2638 Wo.
1468 2602 1550 2647 Spe.
1586 2614 1700 2647 parva

142 2646 273 2680 desunt
298 2646 365 2689 Lss,
393 2646 454 2682 Er.
490 2647 619 2680 desunt
652 2659 769 2691 pauca
795 2648 832 2681 H
859 2649 923 2692 (cf.
958 2648 1094 2691 Meyer.
1122 2660 1156 2692 p.
1185 2651 1238 2684 15.
1267 2651 1327 2693 60)
1362 2649 1425 2684 Gr.
1453 2650 1515 2685 Be.
1543 2649 1606 2684 Or.
1633 2650 1698 2685 Bo.

144 2693 202 2726 Ri.
230 2704 273 2726 ca
298 2693 411 2737 (quod
439 2697 568 2727 cuncta
594 2694 856 2738 interpretatur
874 2695 974 2740 Wo.)
1001 2695 1130 2729 desunt
1150 2695 1189 2735 C,
1216 2697 1374 2730 multum
1399 2697 1500 2730 deest
1526 2697 1703 2740 proponit

143 2739 205 2773 Er.
231 2740 406 2774 avaritiae
431 2739 472 2780 L,
502 2751 612 2774 avaro
638 2740 668 2774 B
695 2753 742 2776 m.
770 2743 802 2776 22.
829 2743 961 2776 desunt
996 2753 1104 2776 avaro
1137 2746 1257 2777 autem
1281 2747 1317 2786 ρ’.
1347 2764 1390 2768 ——
1415 2744 1448 2778 ὅ.
1476 2743 1548 2778 EC.
1577 2744 1702 2787 inopia

1442 2803 1464 2836 4
