1967 3090
769 133 1074 174 —185—

144 249 214 287 tur,
242 257 381 286 moneo,
409 246 472 281 sed
499 250 537 281 ut
562 251 734 292 agentem
759 250 794 281 te
822 247 917 280 ratio
947 246 1066 286 ducat,
1102 258 1174 280 non
1200 246 1356 287 fortuna,
1384 247 1504 283 velim.
1533 247 1588 282 Cf.
1617 246 1698 284 Liv.

144 293 201 335 22,
227 294 283 329 39.

242 342 296 376 13.
323 340 509 375 Munera
535 342 727 375 mittere
755 341 854 375 idem
872 340 1053 384 significat
1069 343 1177 384 atque
1197 342 1346 375 inferias
1367 341 1461 375 ferre
1477 342 1533 376 vel
1552 342 1698 376 mittere

146 387 203 421 vel
241 388 338 423 dare.
393 387 546 432 Proprie
581 388 727 432 quidem
764 391 847 421 sunt
881 398 1071 421 munera
1104 387 1232 431 epulae
1269 392 1498 422 mortuorum
1531 389 1698 424 manibus

145 434 299 475 oblatae,
335 447 425 478 quae
460 436 592 469 Graeci
626 439 758 469 vocant
794 433 1011 480 περίδειπνα,
1038 434 1196 468 Romani
1230 435 1413 470 silicernia
1449 435 1512 479 (cf.
1540 434 1638 472 Fest.
1665 448 1697 472 V.

143 480 338 517 Ruhnken.
364 481 461 516 Dict.
489 483 535 516 ad
553 482 634 518 Ter.
654 482 726 517 Ad.
752 481 821 516 IV.
849 482 880 520 2,
907 482 980 525 48.)
1006 484 1084 515 tum
1109 493 1195 516 vero
1221 482 1330 516 etiam
1357 483 1429 516 alia
1457 483 1560 523 dona,
1589 483 1698 517 sacri-

143 528 236 567 ficia,
272 533 507 564 monumenta
541 533 769 564 mortuorum
794 528 990 563 memoriae
1023 528 1132 562 facta.
1183 528 1338 563 Illorum
1365 533 1486 564 autem
1512 530 1698 564 interdum

143 579 285 609 tantum
312 576 483 610 videntur
509 577 652 620 copiam
679 576 857 619 attulisse,
884 580 921 609 ut
949 576 985 608 in
1011 575 1080 609 hoc
1107 588 1248 620 quoque
1274 587 1409 621 genere
1434 577 1581 610 illorum
1609 581 1699 612 tem-

141 634 272 667 porum
298 623 439 658 luxuria
465 636 502 658 se
526 624 688 659 iactaret.
739 622 818 667 Quo
845 623 963 663 tiebat,
991 626 1030 656 ut
1057 635 1138 656 cum
1166 624 1424 667 impensiorem
1451 635 1575 658 curam
1601 636 1697 659 mor-

146 675 292 704 tuorum
319 682 428 714 quam
453 671 655 704 viventium
688 670 876 711 haberent,
916 681 953 704 se
980 670 1049 713 ipsi
1076 670 1180 704 bonis
1208 671 1280 704 suis
1307 671 1451 715 privare
1478 671 1696 705 viderentur.

142 716 204 751 Ad
238 729 346 761 quam
378 730 455 752 rem
492 718 691 751 notandam
725 717 876 752 verbum
911 717 1148 751 adimendi
1181 729 1249 761 per
1274 730 1310 752 se
1336 718 1471 752 bonum
1499 722 1696 762 aptumque

141 768 240 798 esset
276 765 320 800 cf.
348 764 453 801 Ovid.
480 764 572 799 Met.
598 764 710 800 VHI.
738 765 829 800 515.
856 764 946 800 Hor.
975 763 1091 798 Serm.
1129 764 1181 799 ΙΙ.
1221 768 1251 805 123,
1293 765 1371 800 288.
1411 765 1481 799 nisi
1519 765 1697 800 librorum

143 812 324 856 scriptura
350 816 386 846 et
410 812 569 846 numeris
597 816 632 846 et
660 813 862 846 sententiae
881 812 1056 847 officeret.
1099 811 1262 846 Primum
1279 812 1376 846 enim
1401 812 1499 855 quod
1524 812 1608 846 libri
1637 824 1696 846 ex-

143 858 286 893 hibent:
314 859 402 892 sibi
428 859 605 899 adimit,
632 859 827 893 trochaeus
855 860 893 893 in
918 858 1132 903 tribrachyn
1158 860 1209 893 ita
1235 860 1386 900 solutus,
1414 863 1454 893 ut
1479 859 1600 894 brevis
1626 871 1698 894 una

142 906 283 949 syllaba
317 918 387 940 uno
413 906 526 941 verbo
561 906 704 941 inclusa
735 907 780 940 ab
807 907 956 950 reliquis
983 906 1153 940 brevibus
1180 907 1398 947 secludatur,
1432 907 1493 940 vix
1527 908 1696 951 exemplo

140 953 290 996 probari
315 964 422 997 posse
448 954 621 989 arbitror.
665 954 758 988 Nam
776 958 815 987 ut
834 954 1041 988 tetrametri
1060 955 1199 988 exitum
1217 966 1288 988 uno
1307 958 1456 997 quattor
1474 954 1697 998 syllabarum

141 1000 307 1034 brevium
332 1000 444 1035 verbo
471 1000 580 1035 facile
606 1000 684 1034 fieri
711 1005 873 1035 constat:
901 1002 952 1035 sic
974 1001 1050 1035 eius
1068 1001 1169 1035 modi
1188 1013 1312 1035 versus
1340 1002 1543 1036 tetrametri
1571 1002 1696 1036 divisis

141 1047 236 1081 inter
270 1047 342 1081 duo
376 1048 487 1082 verba
527 1048 677 1092 syllabis
715 1049 789 1083 rari
815 1049 1005 1082 habentur.
1044 1048 1097 1083 Cf.
1124 1048 1208 1084 Ter.
1236 1049 1352 1083 Andr.
1380 1048 1431 1082 Π.
1459 1049 1490 1088 2,
1519 1049 1574 1082 34.
1602 1049 1694 1084 bene

141 1106 279 1130 mones.
323 1095 416 1130 Eun.
450 1094 502 1129 II.
540 1096 571 1135 3,
606 1096 662 1131 ΤΟ.
699 1096 769 1130 alia
804 1107 874 1130 reS.
913 1095 1041 1139 Itaque
1076 1100 1174 1130 recte
1200 1096 1382 1135 fecerunt.
1418 1096 1479 1139 quj
1505 1096 1617 1130 verba
1645 1097 1695 1130 sic

139 1145 462 1186 transposuerunt:
496 1143 661 1177 adimit
688 1143 796 1188 sibi3
831 1143 894 1177 sed
920 1144 949 1176 is
975 1143 1170 1177 verborum
1197 1143 1286 1178 ordo
1325 1155 1399 1177 non
1437 1144 1608 1177 convenit
1647 1144 1693 1177 ad

145 1190 375 1225 sententiam.
426 1189 528 1224 Illud
556 1190 651 1224 enim
678 1190 814 1224 sentire
839 1190 929 1224 mihi
954 1190 1083 1224 videor
1100 1202 1302 1234 pronomen
1329 1191 1437 1230 sibi,
1465 1194 1506 1224 ut
1532 1194 1586 1224 est
1612 1202 1695 1235 pro-

141 1237 278 1269 nomini
305 1237 383 1270 illi
409 1237 643 1276 contrarium,
682 1238 785 1271 iuxta
811 1237 885 1271 illi
911 1238 1071 1281 positum
1096 1238 1168 1272 arsi
1195 1241 1345 1281 quartae
1371 1249 1496 1272 versus
1523 1238 1694 1281 dipodiae

139 1282 363 1317 efferendum
389 1295 478 1319 esse.
529 1283 656 1327 Neque
690 1285 787 1318 enim
824 1285 935 1318 verba
970 1285 1080 1318 dare
1107 1290 1141 1318 et
1168 1285 1392 1325 adimere,
1430 1285 1493 1319 sed
1518 1296 1695 1329 personae

141 1331 277 1364 mortui
313 1334 348 1364 et
383 1331 538 1365 viventis
566 1335 810 1375 opponuntur.
862 1331 964 1376 Quae
998 1343 1079 1365 cum
1112 1332 1163 1365 ita
1190 1333 1273 1372 sint,
1308 1344 1375 1376 pro
1411 1333 1502 1366 sibi
1529 1333 1696 1366 adimit

145 1377 378 1411 scribendum
416 1378 503 1412 duxi
551 1390 594 1412 se
634 1379 833 1413 abdicat.
895 1379 985 1413 Cum
1023 1378 1240 1413 abdicare
1279 1380 1426 1423 proprie
1457 1383 1562 1423 pater
1593 1380 1695 1414 vivus

140 1423 255 1457 filium
294 1425 453 1465 dicatur,
497 1430 535 1459 ut
585 1426 790 1460 hereditate
829 1426 946 1470 privet
999 1427 1075 1460 sive
1118 1426 1314 1462 exheredet
1356 1427 1420 1471 (cf.
1455 1426 1607 1462 Uasaub.
1650 1427 1696 1461 ad

139 1470 249 1516 Diog.
275 1471 401 1505 Laert.
429 1471 458 1507 I.
498 1473 551 1507 94.
592 1472 716 1516 Quint.
742 1472 815 1508 III.
843 1476 874 1513 ὅ,
903 1474 958 1508 97.
996 1473 1138 1507 Arndts
1156 1486 1189 1508 v.
1216 1474 1439 1518 Arnesberg.
1466 1474 1603 1509 Lehrb.
1631 1474 1697 1509 der

138 1517 317 1553 Paudekt.
356 1520 387 1565 ξ.
422 1520 501 1555 427.
537 1524 611 1554 not.
646 1522 696 1564 2.)
734 1521 772 1554 id
805 1521 902 1564 quod
928 1532 994 1554 nos
1021 1521 1174 1554 dicimus
1201 1525 1476 1562 „x'erstossen‘·':
1518 1521 1694 1556 hocloco

142 1566 245 1600 verbi
271 1567 419 1600 notione
446 1567 490 1601 de
515 1571 623 1611 patre
650 1568 696 1601 ad
721 1567 836 1602 filium
861 1568 1003 1602 detorta
1022 1567 1117 1601 filius
1137 1580 1174 1602 se
1200 1569 1277 1612 ipse
1304 1568 1522 1602 abdicare
1550 1568 1693 1609 dicitur,

138 1623 223 1646 cum
255 1613 311 1647 ita
344 1625 381 1648 se
407 1614 536 1648 reiciat
563 1618 597 1649 et
623 1615 791 1659 deponat,
826 1618 867 1649 ut
893 1615 1004 1649 etiam
1021 1616 1133 1649 ‘vivus
1167 1627 1203 1649 se
1229 1617 1308 1659 ipse
1334 1616 1557 1650 exheredare
1584 1627 1694 1659 reque

141 1672 205 1694 sua
230 1661 375 1704 privare
401 1661 580 1696 videatur.
630 1661 714 1696 Hoc
731 1663 846 1707 igitur
863 1674 987 1696 versus
1014 1663 1193 1696 sententia
1219 1663 1325 1697 docet
1353 1674 1446 1704 eum,
1472 1663 1533 1706 qui
1551 1668 1693 1697 mortuo

139 1718 269 1741 munus
288 1707 360 1749 det,
387 1720 460 1742 non
477 1712 621 1743 mortuo
639 1709 737 1751 dare,
764 1710 828 1744 sed
847 1721 884 1744 se
902 1710 1021 1753 ipsum
1038 1710 1195 1754 privare.
1235 1710 1334 1744 Scite
1353 1710 1545 1744 Erasmus:
1573 1709 1694 1751 „Olim

144 1754 263 1789 solent
296 1755 447 1790 inferias
480 1755 649 1791 exhibere
683 1757 848 1791 mortuis.
888 1756 971 1791 Hoc
1005 1757 1101 1801 perit
1125 1757 1217 1791 vivis
1254 1760 1288 1791 et
1321 1757 1412 1791 nihil
1438 1757 1572 1801 accipit
1596 1769 1690 1791 mor-

139 1805 258 1837 tuus&
285 1801 341 1838 Cf.
369 1802 483 1848 Verg.
509 1804 604 1838 Aen.
632 1803 701 1840 VI.
728 1805 807 1840 213.
834 1804 917 1839 Sen.
945 1815 1000 1848 ep.
1027 1803 1134 1838 XVI.
1161 1805 1182 1839 4
1209 1805 1286 1850 199)
1312 1805 1367 1840 29.

235 1849 288 1885 1-1.
328 1849 454 1891 „Infra
488 1862 610 1885 servos
646 1854 710 1892 est,
746 1852 807 1895 qui
834 1863 955 1886 servos
983 1863 1066 1885 suos
1092 1852 1208 1892 timet,
1236 1863 1366 1895 nempe
1392 1852 1486 1885 male
1513 1850 1582 1884 sibi
1609 1862 1692 1885 con-

138 1896 268 1930 scius.“
306 1896 490 1933 Erasmus.
526 1897 578 1932 Cf.
605 1898 711 1934 Publ.
737 1897 767 1932 F
793 1899 848 1935 29.
875 1898 995 1934 Plaut.
1022 1898 1098 1933 Mil.
1125 1898 1199 1933 III.
1237 1901 1266 1939 1,
1296 1900 1374 1934 146.
1402 1898 1486 1933 Sen.
1513 1910 1570 1942 ep.
1598 1897 1643 1932 V.
1675 1900 1691 1933 1

135 1943 214 1988 (47)
238 1945 267 1979 1.
281 1945 465 1980 13.14.17.
489 1946 613 1980 colant
635 1946 764 1990 (servi)
785 1946 906 1990 potius
936 1949 973 1980 te
989 1957 1098 1990 quam
1122 1946 1286 1980 timeant.
1307 1946 1391 1981 coll.
1413 1945 1512 1982 Plut.
1540 1945 1618 1980 Cat.
1637 1947 1694 1982 21.

236 1992 289 2025 123.
318 1991 498 2026 Gruterus
524 1993 671 2036 quidem
705 2004 835 2038 mage
870 2004 936 2037 pro
968 1994 1134 2038 magis,
1169 1993 1266 2037 quod
1300 1994 1338 2027 in
1365 1993 1468 2027 libris
1494 1996 1558 2034 est,
1595 1996 1693 2027 recte

137 2037 282 2072 videtur
319 2039 520 2083 scripsisse.
582 2039 709 2084 Neque
749 2041 847 2074 enim
887 2052 928 2074 ea
966 2040 1083 2074 forma
1120 2041 1229 2074 modo
1264 2040 1515 2076 Romanorum
1553 2040 1693 2083 antiqui

138 2083 291 2119 Plautus
318 2090 354 2120 et
381 2086 574 2120 Lucretius
601 2088 661 2130 (cf.
688 2086 913 2121 Lachmann.
939 2087 986 2121 ad
1003 2087 1112 2121 Lucr.
1132 2087 1200 2122 VI.
1230 2088 1336 2132 1262)
1362 2088 1426 2121 sed
1444 2088 1555 2121 etiam
1572 2093 1692 2131 poste-

138 2131 244 2165 rioris
271 2133 400 2166 aetatis
427 2136 556 2177 poetae
582 2135 638 2167 usi
664 2138 748 2168 sunt
775 2134 965 2180 Vergilius
992 2134 1053 2178 (cf.
1081 2134 1175 2168 Aen.
1203 2134 1250 2169 X.
1276 2135 1376 2179 481).
1402 2134 1592 2168 Phaedrus
1628 2134 1691 2179 (cf.

139 2177 212 2213 III.
241 2181 271 2219 3,
298 2180 331 2215 4.
359 2179 406 2214 V.
433 2183 464 2221 3,
496 2182 548 2215 11.
574 2180 712 2225 Bentl.)
737 2181 952 2226 Propertius
978 2181 1042 2225 (cf.
1068 2181 1141 2217 ΠΙ.
1164 2182 1215 2222 12.
1236 2184 1298 2226 2.).
1318 2181 1373 2218 Cf.
1391 2181 1515 2217 Hand.
1535 2181 1691 2216 Tursell.

137 2237 170 2260 v.
195 2230 284 2262 tom.
311 2226 384 2261 ΠΙ.
411 2239 446 2272 p.
474 2228 554 2263 552.
582 2228 621 2264 C.
647 2228 787 2273 Reisig.
814 2228 958 2263 Vorles.
985 2229 1043 2264 iib.
1070 2229 1135 2263 lat.
1163 2229 1352 2273 Sprachw.
1379 2229 1433 2263 ed.
1452 2228 1512 2262 Fr.
1531 2228 1690 2263 Haasius

137 2284 172 2316 Ρ.
200 2274 280 2310 212.
307 2273 395 2309 Luc.
421 2274 589 2310 Mueller.
629 2276 674 2310 de
712 2287 750 2310 re
784 2280 889 2311 metr.
924 2278 1010 2320 poet
1044 2276 1107 2312 lat.
1142 2289 1177 2320 p.
1213 2277 1291 2311 393.
1331 2275 1482 2322 Magis
1508 2276 1690 2320 positione

137 2321 305 2364 neglecta
330 2321 491 2357 Publilio
517 2323 753 2357 tribuendum
779 2334 857 2357 esse
883 2323 973 2357 adeo
999 2323 1089 2357 mihi
1115 2335 1189 2358 non
1215 2324 1387 2368 persuasi,
1415 2327 1454 2357 ut
1474 2334 1534 2357 eos
1553 2334 1688 2362 versus.

137 2367 268 2410 quibus
306 2369 344 2402 in
381 2369 484 2403 libris
523 2370 739 2411 inveniatur,
784 2370 1029 2405 emendandos
1064 2382 1142 2405 esse
1176 2375 1311 2415 putem.
1350 2370 1403 2405 Cf.
1439 2370 1546 2405 Publ.
1580 2369 1619 2404 M
1643 2370 1690 2405 40

136 2415 248 2459 (348).
276 2414 312 2449 V
330 2416 374 2450 22
401 2416 515 2462 (650).
543 2416 682 2451 Fidus
709 2428 782 2451 nou
799 2422 855 2452 est
873 2421 994 2452 certus
1013 2418 1089 2452 sive
1106 2430 1214 2452 verus
1240 2418 1344 2452 heres
1370 2417 1431 2462 (cf.
1458 2417 1509 2452 M.
1536 2416 1686 2453 Gesner.

137 2460 262 2507 Thes.)
299 2463 362 2496 sed
396 2463 515 2498 fidelis
549 2476 591 2498 ac
632 2465 793 2498 sincerae
825 2464 1040 2499 voluntatis:
1080 2466 1181 2499 cuius
1215 2465 1388 2499 adiectivi
1422 2465 1688 2509 comparativus

137 2508 286 2543 fidior
327 2511 446 2544 rarior
479 2515 533 2545 est
567 2511 628 2556 [cf.
657 2511 748 2547 Iust.
775 2511 880 2547 XVI.
906 2513 937 2553 Ξ),
965 2513 1016 2557 2.)
1050 2516 1091 2546 ut
1117 2512 1368 2547 circumscribi
1402 2512 1517 2546 soleat
1542 2512 1689 2557 magis

138 2554 276 2592 fidus.
318 2557 417 2591 Hinc
446 2562 544 2593 recte
560 2558 754 2593 Erasmus:
782 2558 916 2600 „Fidus
935 2559 1097 2593 nascitur
1113 2559 1228 2599 heres,
1248 2560 1463 2604 heredipeta
1481 2559 1689 2593 scribitur.·⁴

138 2601 266 2647 Longe
300 2605 409 2638 aliam
443 2606 661 2640 sentent-iam
688 2606 862 2650 scriptam
888 2606 1053 2641 videmus
1088 2607 1186 2651 apud
1211 2607 1424 2651 Hieronym.
1452 2606 1533 2640 adv.
1572 2606 1688 2639 Iovin.

137 2649 183 2683 de
208 2651 364 2685 matrim.
390 2651 420 2686 Ι.
446 2664 481 2696 p.
509 2653 586 2693 190,
615 2654 669 2688 59.
705 2652 804 2697 [Seu.
830 2653 976 2699 Fragm.
1003 2654 1058 2688 ed.
1085 2653 1145 2690 Fr.
1171 2653 1302 2688 Haasii
1327 2655 1398 2688 vol.
1425 2653 1498 2688 ΙΙΙ.
1524 2665 1559 2697 p.
1586 2653 1688 2697 430ss

136 2696 326 2737 „Heredes
345 2702 464 2733 autern
482 2699 649 2734 meliores
669 2704 705 2734 et
723 2700 894 2735 certiores
915 2701 1022 2735 amici
1039 2704 1123 2735 sunt
1142 2704 1178 2735 et
1203 2701 1409 2746 propinqui.
1436 2712 1526 2744 quos
1552 2699 1686 2734 iudicio

140 2743 280 2788 deligas
306 2757 413 2789 quam
439 2758 540 2790 quos,
567 2747 656 2781 velis
683 2747 789 2788 nolis,
816 2747 950 2782 habere
977 2749 1155 2793 cogeris.“
