1967 3090
874 122 1188 165 -228-

254 237 345 271 illud
378 237 423 271 de
449 236 615 280 Diogene
650 247 799 270 narrare
835 236 990 277 dubitat,
1023 248 1105 271 cum
1138 237 1292 271 vidisset
1326 249 1479 281 puerum
1506 248 1595 272 cava
1620 248 1729 271 manu
1754 237 1807 270 bi-

254 285 398 318 bentem
434 295 575 327 aquam,
608 283 761 326 fregisse
796 295 877 317 eum
910 284 1075 328 protinus
1110 288 1319 328 exemptum
1354 296 1373 318 0
1407 285 1539 328 penula
1564 285 1715 319 calicem
1741 284 1809 319 hac

254 331 507 375 obiurgatione
535 331 604 363 sui:
640 331 815 373 quamdiu
838 331 946 364 110010
968 332 1099 365 stultus
1120 343 1362 375 supervacuas
1390 332 1550 365 sarcinas
1576 330 1711 365 habui?
1753 330 1807 365 Cf.

255 378 338 412 Seu.
367 389 421 421 ep.
448 377 554 411 XIV.
583 379 603 411 2
629 380 708 422 (ΗΟ)
737 378 789 411 14.
829 378 902 412 Sed
929 390 992 412 cur
1017 378 1082 411 hos
1112 378 1271 412 Senecae
1298 379 1395 412 locos
1422 378 1555 412 attuli?
1593 377 1744 412 Scilicet
1769 381 1809 412 ut

256 425 343 458 illud
373 425 466 459 hanc
496 424 647 458 Publilii
679 426 896 459 sentent-iam
931 426 1064 460 docere
1096 426 1300 469 probarem,
1333 437 1478 459 omnem
1504 437 1627 459 rerum
1653 426 1808 469 copiam,

254 483 344 515 quae
380 484 446 516 pro
481 475 686 506 commeatu
721 473 797 506 sive
829 473 962 506 viatico
988 476 1164 516 portetur,
1199 473 1260 507 ubi
1294 473 1391 506 ultra
1416 473 1670 507 necessitatem
1696 473 1811 506 maior

254 520 310 559 sit,
347 519 427 563 plus
454 519 645 553 molestiae
671 530 779 562 quam
805 520 975 553 utilitatis
1008 520 1146 555 afferre.
1180 520 1477 554 Praesidium
1504 521 1600 554 enim
1626 520 1723 563 quod
1749 519 1807 553 hic

254 566 341 600 011111
360 566 494 600 lectum
513 566 623 600 fuisse
641 566 808 605 arbitror,
836 578 901 610 pro
921 570 1124 601 commeatu
1142 568 1199 601 vel
1218 567 1352 600 viatico
1378 567 1536 611 positum
1563 569 1600 601 et
1625 567 1806 610 interpres

254 614 406 647 adnotat
439 614 485 647 ad
519 613 638 648 Plaut.
674 613 784 647 Poen.
819 613 891 648 III.
919 615 950 654 3,
979 614 1034 648 57.
1070 615 1125 649 ed.
1162 614 1388 650 Taubmann.
1424 617 1607 648 trecentos
1640 625 1806 647 nummos

254 660 446 704 Philippos
485 664 608 704 portat
650 661 864 704 praesidi
899 661 981 695 coll.
1022 660 1123 696 Pers.
1164 661 1193 697 Ι.
1221 664 1251 701 Ξζ,
1280 662 1335 697 44.
1371 664 1408 696 et
1434 662 1541 695 docet
1574 660 1681 696 Corn.
1716 660 1807 705 Nep.

253 707 377 741 Them.
415 707 524 742 VIII.
561 709 593 742 ὃ,
636 719 705 751 (1110
739 709 819 741 1000
852 708 1043 748 Α(111101113,
1077 708 1322 742 Molossorum
1347 720 1421 749 rex,
1458 709 1619 742 exsulem
1644 707 1810 751 Pydnam

253 755 449 789 deduxisse
476 755 577 797 eique
606 755 703 798 quod
729 756 817 788 satis
844 759 948 795 esset,
985 756 1222 798 praesidii
1249 756 1393 790 dedisse
1419 759 1598 790 narratur.
1636 755 1808 789 Ceterum

246 814 325 836 >non
353 802 445 836 solet
472 802 516 835 ad
543 813 737 836 necesse
765 802 890 836 deesse
916 806 993 837 est.

349 850 403 883 5⁴2.
441 849 526 882 Fuit
572 860 654 882 cum
684 861 750 893 pro
786 849 980 883 timetur
1020 850 1314 883 substituendum
1346 852 1515 893 putarem
1548 850 1689 884 timor
1723 852 1807 887 est,

255 896 351 939 quod
389 896 486 929 idem
525 899 579 929 est
613 908 654 930 ac
687 897 810 930 timori
844 899 899 930 est
936 896 981 930 cf.
1010 896 1116 931 Publ.
1154 896 1187 940 Q
1217 898 1257 931 ’12
1283 898 1395 942 (512).
1434 897 1486 931 Ut
1513 897 1631 937 timor,
1667 897 1719 930 ita
1743 907 1809 940 per

252 944 512 986 metonymiam
538 947 666 983 metus,
694 943 906 987 periculum,
932 944 1063 978 horror
1088 944 1218 988 aliquis
1245 945 1380 979 dicitur
1398 944 1444 978 cf.
1474 944 1597 988 Quint.
1616 943 1684 977 VI.
1703 944 1734 984 2,
1752 944 1807 978 21.

254 990 328 1025 010.
357 990 464 1025 Verr.
492 990 559 1025 IV.
587 991 642 1030 49,
674 991 750 1025 108.
786 990 852 1026 Ov.
880 991 977 1025 Fast.
1006 991 1035 1026 I.
1063 992 1142 1026 55⁴2.
1178 991 1287 1035 Prop.
1315 991 1388 1026 III.
1416 993 1447 1032 5,
1475 992 1530 1026 40.
1564 991 1647 1025 Sen.
1674 1002 1730 1035 ep.
1757 990 1808 1024 II.

253 1038 272 1072 2
300 1038 378 1081 (14)
415 1038 445 1071 6.
484 1037 529 1071 de
568 1037 670 1073 clem.
711 1038 739 1073 I.
776 1039 830 1079 25,
859 1039 891 1073 3.
931 1050 986 1082 ep.
1014 1038 1126 1073 XIII.
1156 1040 1172 1072 1
1200 1040 1280 1083 (86)
1308 1039 1338 1074 5.
1366 1038 1449 1072 8011.
1477 1038 1588 1073 Herc.
1616 1038 1699 1073 Fur.
1728 1038 1808 1072 224.

253 1085 331 1119 230.
360 1084 439 1119 SUO.
478 1084 612 1120 Troad.
648 1086 702 1120 112.
732 1085 810 1120 768.
862 1085 969 1129 Quod
1002 1086 1248 1129 metonymiae
1273 1097 1387 1129 genus
1413 1088 1489 1119 tam
1515 1086 1685 1129 frequens
1712 1085 1809 1129 apud

252 1134 378 1175 1100103
405 1135 468 1172 est,
505 1136 545 1165 ut
572 1132 748 1176 exemplis
784 1133 1019 1176 supersedere
1053 1133 1243 1176 possimus.
1284 1135 1337 1167 At
1361 1133 1475 1166 multo
1502 1133 1726 1176 frequentius
1753 1134 1808 1166 est

253 1179 324 1213 dici
362 1179 538 1212 timeri.
579 1191 685 1223 quam
721 1180 891 1213 timorem
926 1181 983 1213 vel
1018 1180 1141 1213 timori
1175 1191 1263 1221 esse,
1303 1180 1520 1224 praesertim
1553 1181 1591 1213 in
1617 1191 1659 1213 eo
1685 1180 1805 1224 1100313

252 1237 396 1271 genere,
433 1226 529 1269 quod
556 1227 706 1270 propius
741 1238 945 1261 sermonem
983 1230 1047 1260 est.
1091 1226 1150 1262 Cf.
1186 1226 1268 1262 Sen.
1303 1228 1348 1261 de
1382 1227 1423 1262 ir.
1450 1227 1502 1263 II.
1531 1228 1586 1265 11,
1613 1228 1642 1261 2.
1671 1238 1717 1261 110
1740 1225 1810 1260 hoc

254 1273 408 1317 sapienti
447 1273 541 1307 adici
575 1274 694 1313 velim,
728 1274 825 1317 quod
859 1274 979 1308 facere
1017 1274 1210 1308 saevientis
1238 1286 1382 1318 quoque
1408 1275 1521 1308 telum
1546 1277 1612 1314 est,
1639 1274 1806 1308 timeri.

255 1321 387 1363 ecquid
412 1332 485 1353 non
511 1321 708 1354 timetur
736 1321 858 1361 febris,
887 1322 1062 1365 podagra,
1089 1322 1192 1355 ulcus
1219 1320 1376 1355 malum?
1402 1322 1577 1365 numquid
1602 1321 1683 1355 ideo
1710 1321 1808 1364 quic-

256 1379 363 1410 quam
390 1367 428 1400 in
453 1368 532 1400 istis
560 1368 645 1401 boni
672 1368 750 1402 est?
777 1372 816 1402 at
842 1372 970 1401 contra
996 1369 1118 1402 onmia
1144 1369 1318 1412 despecta
1336 1369 1516 1412 foedaque
1534 1372 1570 1403 et
1587 1368 1712 1412 turpia
1730 1368 1809 1412 ipso

253 1426 322 1457 quo
356 1415 599 1449 timentur:
629 1415 678 1449 sic
704 1416 759 1448 ira
785 1427 851 1459 per
877 1427 914 1449 se
940 1416 1113 1450 deformis
1140 1419 1195 1450 est
1221 1419 1257 1450 et
1281 1416 1429 1449 minime
1455 1415 1660 1457 metuenda,
1688 1418 1726 1449 at
1750 1415 1809 1448 ti—

252 1465 397 1495 metur
432 1473 453 1495 a
486 1461 650 1505 pluribus
683 1463 775 1496 sicut
809 1462 984 1496 deformis
1018 1474 1176 1506 persona
1209 1463 1254 1497 ab
1288 1463 1499 1498 infantibus.
1559 1462 1808 1507 Quamobrem

251 1509 450 1543 timetur
482 1520 616 1550 verum,
653 1510 717 1543 sed
751 1522 816 1553 pro
851 1521 1018 1544 nocere
1052 1511 1302 1554 reponendum
1337 1510 1424 1544 duxi
1450 1510 1630 1544 obesse:
1666 1510 1711 1544 de
1737 1520 1808 1552 quo

254 1556 484 1599 corruptelae
510 1567 655 1601 genere,
683 1560 723 1590 ut
748 1568 816 1600 pro
844 1557 959 1591 altero
987 1558 1145 1591 alterum
1172 1558 1298 1592 similis
1325 1558 1485 1592 notionis
1512 1557 1706 1591 inducatur
1731 1567 1808 1590 ver-

252 1603 350 1642 bum,
386 1614 495 1647 supra
528 1604 605 1637 dixi
630 1605 675 1637 ad
702 1604 809 1639 Publ.
839 1604 871 1648 Q
897 1605 942 1639 50
968 1605 1082 1648 (550).
1123 1604 1219 1638 Vide
1245 1605 1360 1648 praef.
1388 1616 1422 1648 p.
1454 1606 1505 1639 15.
1546 1604 1601 1638 De
1628 1604 1809 1638 sententia

253 1650 297 1683 cf.
325 1650 431 1685 Publ.
458 1650 488 1683 P
514 1652 557 1685 ’Ξῖ
584 1651 695 1696 (476).
736 1651 818 1685 8011.
847 1652 892 1685 (10
919 1652 1022 1685 clem.
1051 1652 1081 1687 I.
1110 1652 1140 1692 8,
1169 1653 1200 1687 Ξ).
1229 1652 1328 1695 loqui
1353 1664 1427 1686 11011
1452 1655 1566 1695 110103,
1594 1651 1663 1684 0131
1684 1662 1810 1685 vocem

252 1701 355 1730 tuam
389 1709 481 1740 quae
508 1698 641 1741 ubique
669 1702 753 1732 sunt
777 1702 905 1743 gentes
932 1699 1127 1742 excipiant.
1155 1699 1261 1733 irasci
1286 1710 1361 1732 non
1386 1702 1501 1743 potes,
1528 1699 1598 1732 nisi
1624 1701 1664 1732 ut
1689 1698 1810 1732 omnia

254 1748 425 1778 tremant.
479 1744 539 1778 Sic
564 1746 745 1779 neminem
771 1745 965 1789 adfligere,
992 1746 1062 1779 nisi
1089 1749 1129 1779 ut
1154 1747 1327 1789 quicquid
1353 1747 1450 1779 circa
1476 1746 1584 1780 fuerit
1611 1746 1807 1789 quatiatur.

254 1794 294 1824 ut
319 1791 472 1824 fulmina
497 1803 696 1835 paucorum
723 1793 884 1836 periculo
911 1793 1057 1833 cadunt,
1085 1794 1245 1826 omnium
1269 1796 1378 1834 metu,
1406 1794 1457 1828 sic
1475 1792 1808 1827 animadversiones

253 1849 469 1882 magnarum
503 1843 726 1882 potestatum
757 1843 898 1873 terrent
932 1840 1040 1873 latius
1075 1852 1184 1883 (1110111
1210 1844 1354 1879 nocent,
1388 1852 1461 1874 non
1489 1841 1566 1873 sine
1592 1851 1709 1874 causa.
1736 1851 1810 1873 non

256 1886 351 1918 enim
390 1890 566 1928 quantum
606 1886 745 1925 fecerit.
789 1887 852 1920 sed
886 1890 1060 1930 quantum
1095 1887 1258 1920 facturus
1292 1887 1339 1921 sit
1371 1888 1555 1931 cogitatur
1589 1887 1627 1921 in
1658 1898 1711 1927 eo,
1747 1886 1809 1930 qui

255 1933 377 1966 omnia
399 1936 532 1976 potest.

350 1980 402 2014 53.
444 1979 551 2014 Hanc
577 1981 796 2014 sententiam
830 1993 873 2015 ex
900 1993 1071 2015 versuum
1097 1993 1248 2015 numero
1274 1981 1492 2015 movendam
1519 1992 1596 2015 esse
1621 1983 1746 2016 censet
1771 1983 1811 2014 ut

254 2038 363 2071 prosa
397 2027 561 2061 oratione
596 2028 769 2071 scriptam
796 2027 1012 2072 Spengelius
1038 2028 1153 2071 praef.
1179 2040 1213 2072 p.
1241 2029 1272 2063 6.
1312 2028 1450 2062 Versus
1485 2028 1664 2062 diaeresin
1688 2028 1809 2072 legiti-

254 2085 350 2107 mam
377 2085 419 2107 eo
445 2075 623 2115 revocavi,
652 2079 690 2108 ut
708 2086 774 2118 pro
801 2088 824 2109 n
836 2088 889 2109 011
908 2075 1165 2109 substituerem
1191 2075 1334 2111 nullo,
1368 2075 1445 2110 Nec
1463 2075 1613 2109 verbum
1632 2075 1683 2109 sic
1699 2074 1807 2109 alter-

255 2121 417 2154 nandum
443 2124 508 2161 est,
536 2125 575 2155 111
600 2123 700 2165 prius
727 2126 903 2163 tenere,
932 2126 1017 2166 post
1042 2126 1201 2166 ponatur
1227 2123 1485 2157 contineas:
1515 2123 1578 2156 sed
1603 2134 1687 2156 cum
1704 2133 1808 2166 prae-

254 2169 402 2202 cesserit
436 2171 609 2207 tenere.
650 2172 813 2203 teneas
849 2170 951 2213 sequi
977 2173 1261 2204 consentaneum
1287 2170 1443 2205 videtur.
1496 2169 1659 2213 Utroque
1686 2171 1809 2202 autem

253 2215 334 2249 loco
360 2215 457 2248 idem
485 2215 667 2258 significat
700 2217 737 2249 in
761 2220 948 2260 potestate
976 2228 1040 2250 sua
1065 2217 1211 2257 habere,
1238 2228 1366 2261 regere
1392 2217 1437 2252 cf.
1463 2216 1544 2252 Ter.
1572 2217 1706 2251 Heaut.
1733 2215 1807 2250 III.

255 2262 285 2302 3,
313 2262 369 2296 44.
406 2262 473 2295 0131
499 2274 601 2296 amor
634 2275 691 2297 me
725 2264 888 2307 graviter
920 2264 1217 2307 consuetudoque
1250 2264 1325 2297 eius
1351 2267 1462 2298 tenet.
1502 2264 1574 2299 Ad.
1601 2263 1631 2299 I.
1659 2264 1690 2304 2,
1718 2263 1749 2297 5.
1777 2263 1808 2297 6.

254 2320 369 2352 neque
395 2309 516 2353 legem
542 2313 647 2353 putat
680 2313 804 2344 tenere
839 2322 875 2344 30
910 2311 1033 2344 ullam.
1074 2311 1230 2346 Ernesti.
1258 2311 1348 2346 claV.
1376 2311 1448 2345 Cic.
1476 2323 1507 2345 v.
1536 2314 1672 2346 tenere.
1710 2309 1809 2343 Hinc

253 2367 376 2389 versus
403 2356 492 2390 haec
518 2357 698 2391 sententia
723 2357 883 2392 videtur:
921 2357 1061 2401 „Quem
1079 2369 1152 2391 non
1171 2358 1365 2392 clementia
1390 2358 1563 2401 potueris,
1591 2369 1673 2391 eum
1691 2367 1810 2401 poena

253 2414 357 2446 regas
383 2414 530 2437 necesse
557 2407 643 2438 estf‘
698 2404 862 2438 Similem
889 2416 954 2438 nec
980 2408 1103 2439 tamen
1129 2416 1218 2447 eam,
1245 2416 1289 2438 ex
1315 2417 1386 2448 qua
1411 2405 1505 2439 hanc
1527 2405 1685 2439 derivari
1703 2414 1807 2448 opor—

253 2453 339 2490 teat,
368 2450 466 2493 apud
492 2449 616 2493 Quint.
643 2450 733 2486 XII.
762 2452 792 2491 7,
809 2452 841 2486 ⁴2.
870 2453 1042 2495 scriptam
1069 2452 1239 2496 legimus:
1283 2452 1398 2494 „Nam
1424 2452 1485 2494 qui
1507 2452 1649 2485 ratione
1666 2451 1808 2485 traduci

255 2497 300 2530 ad
337 2497 491 2530 meliora
528 2509 599 2531 11011
637 2502 798 2541 possunt.
840 2499 917 2532 solo
951 2503 1052 2532 metu
1078 2499 1341 2532 continentui·.“
1384 2498 1437 2532 Cf.
1463 2499 1642 2534 Ribbeck.
1670 2497 1806 2532 Coroll.

254 2555 288 2587 p.
315 2543 471 2579 XCVII.
498 2543 621 2577 Vertit
638 2544 833 2579 Nisardus:
861 2545 964 2579 Celui
984 2557 1052 2589 que
1072 2546 1105 2579 10
1123 2546 1207 2580 bien
1234 2545 1293 2579 n'a
1328 2557 1377 2589 pu
1410 2546 1557 2586 retenir,
1592 2544 1809 2579 centiens-le

253 2601 321 2634 par
346 2591 380 2623 le
406 2591 490 2625 mal.
517 2590 622 2626 Publ.
650 2591 689 2625 M
714 2592 758 2625 49
784 2593 897 2636 (357).

350 2638 404 2672 54.
448 2637 503 2671 De
543 2638 723 2672 sententia
756 2639 799 2673 cf.
835 2639 908 2674 Cic.
948 2639 1027 2673 Cat.
1061 2639 1146 2675 Mai.
1172 2639 1219 2675 X.
1257 2641 1312 2675 31.
1340 2640 1423 2673 coll.
1459 2639 1568 2673 Hom.
1595 2639 1640 2675 Il.
1667 2639 1696 2674 I.
1724 2639 1803 2674 249.

255 2683 378 2728 Quint.
406 2684 495 2719 XII.
524 2685 555 2725 4,
586 2687 615 2719 1.
651 2686 829 2729 imprimis
856 2697 942 2720 vero
968 2687 1155 2720 abundare
1182 2687 1291 2720 debet
1321 2689 1448 2720 orator
1473 2686 1724 2730 exemplorum
1749 2697 1807 2720 co-

254 2731 326 2774 pia.
367 2731 458 2765 sciat
491 2742 577 2776 ergo
604 2743 709 2774 quam
736 2733 910 2776 plurima:
947 2734 1041 2767 unde
1069 2734 1179 2767 etiam
1207 2734 1350 2767 senibus
1377 2734 1576 2767 auctoritas
1603 2733 1719 2767 maior
1745 2736 1808 2774 est,
