1967 3090
724 822 1150 886 PRAEFATIO.

286 1012 533 1062 Publilium,
583 1025 703 1066 quem
744 1013 854 1053 recte
895 1025 1003 1053 nunc
1043 1013 1207 1060 vocant,
1252 1024 1344 1052 cum
1386 1013 1506 1052 antea
1547 1010 1716 1052 Publius

168 1076 270 1119 falso
312 1077 544 1118 nominatus
586 1077 664 1126 sit,
719 1076 867 1130 Syrum
908 1090 1000 1118 cum
1042 1076 1196 1118 duobus
1238 1075 1502 1129 popularibus
1543 1074 1715 1117 Manilio

169 1141 374 1195 astrologo
418 1144 459 1183 et
501 1141 688 1183 Staberio
730 1143 852 1183 Erote
893 1141 1165 1195 grammatico
1205 1154 1298 1182 cum
1331 1154 1378 1181 ex
1407 1141 1542 1194 patria
1574 1139 1716 1181 eadem

169 1219 270 1247 nave
292 1208 466 1248 Romam
489 1207 683 1248 advectus
711 1208 831 1256 esset,
863 1207 1041 1260 primum
1073 1205 1277 1255 serviisse,
1310 1207 1399 1246 tum
1429 1207 1595 1259 propter
1628 1217 1716 1246 cor-

168 1272 278 1325 poris
319 1272 553 1325 ingeniique
593 1272 768 1313 virtutes
809 1272 1105 1313 manumissum
1144 1271 1291 1312 mimos
1334 1270 1588 1324 scriptitasse
1629 1271 1714 1311 tra-

170 1336 325 1389 dunt.¹)
369 1336 525 1387 Quibus
547 1337 711 1390 poetam
733 1336 984 1390 eundemque
1005 1336 1250 1377 histrionem
1272 1336 1432 1376 tantam
1454 1335 1532 1376 sibi
1552 1334 1714 1376 laudem

172 1402 432 1455 quaesivisse,
466 1402 513 1442 ut
537 1414 559 1442 a
582 1401 753 1443 Caesare
786 1402 875 1442 tum
905 1401 1053 1455 populo
1084 1400 1199 1442 ludos
1222 1401 1475 1441 instaurante
1506 1400 1548 1440 in
1574 1399 1716 1440 urbem

172 1466 380 1521 vocatus-¹)
413 1468 455 1507 et
486 1466 723 1507 certaminis
752 1478 874 1507 causa
894 1466 938 1506 in
960 1479 1125 1507 scenam
1144 1465 1363 1519 productus
1384 1465 1522 1505 mimis
1545 1463 1715 1517 agendis

171 1532 257 1584 ipso
288 1530 420 1571 iudice
453 1533 574 1584 atque
606 1531 870 1572 aestimatore
902 1529 1075 1572 Caesare
1107 1543 1200 1571 cum
1241 1529 1343 1571 alios
1380 1531 1469 1570 tum
1499 1529 1715 1570 Decimum

171 1595 289 1636 illum
322 1596 540 1636 Laberium
572 1596 783 1648 superaret
815 1596 933 1648 atque
965 1595 1146 1649 palmam
1183 1595 1480 1647 assequeretur.
1542 1593 1714 1634 Laberio

172 1672 263 1702 vero
295 1661 456 1701 mortuo
489 1672 580 1701 cum
610 1660 694 1700 iam
724 1660 840 1700 mimi
870 1659 990 1700 ludus
1023 1659 1204 1701 omnium
1237 1659 1394 1700 animos
1427 1658 1613 1711 cepisset,
1647 1657 1714 1698 hic

170 1724 311 1766 multis
343 1726 384 1766 et
415 1724 580 1778 scriptis
623 1726 664 1764 et
694 1724 873 1765 inventis
907 1736 952 1766 eo
990 1725 1032 1765 in
1064 1724 1164 1765 artis
1197 1735 1347 1776 genere
1381 1723 1441 1763 ita
1471 1722 1623 1771 floruit,
1669 1724 1716 1762 ut

169 1801 250 1830 non
280 1788 398 1830 modo
430 1800 575 1830 scenae
605 1788 796 1829 mimicae
829 1788 1012 1830 conditor
1045 1788 1259 1837 diceretur,
1294 1787 1365 1828 sed
1398 1787 1523 1828 etiam
1544 1786 1715 1827 Laberio

171 1866 319 1907 suppar
349 1853 555 1894 iudicatus
586 1853 741 1895 Romae
773 1866 934 1894 scenar.
968 1852 1182 1904 tener-effi)

290 1917 457 1968 Quando
499 1917 648 1959 obierit
689 1918 768 1959 etsi
808 1931 887 1959 non
919 1919 1098 1967 constat,
1138 1919 1277 1958 tamen
1309 1916 1359 1958 ad
1394 1929 1595 1957 summam
1626 1928 1719 1957 eum

172 1984 425 2024 senectutem
466 1983 700 2035 pervenisse
743 1995 790 2023 ex
822 1995 868 2024 eo
901 1983 1083 2024 conicere
1115 1981 1226 2031 licet,
1261 1981 1365 2035 quod
1399 1981 1435 2022 si
1466 1979 1717 2035 Petronio‚4)

172 2048 240 2101 qui
262 2059 425 2089 carmen
447 2060 470 2088 a
497 2046 677 2088 Publilio
701 2047 749 2088 de
782 2046 935 2088 saeculi
965 2047 1123 2088 luxuria
1154 2046 1426 2099 compositum
1455 2045 1586 2095 affert,
1619 2044 1719 2085 fides

170 2112 355 2154 habenda
398 2113 471 2163 est,
517 2112 602 2152 eius
640 2111 758 2152 mimi
801 2112 926 2152 'etiam
967 2111 1226 2165 imperatoris
1257 2110 1435 2152 Neronis
1477 2110 1613 2150 aetate
1651 2109 1720 2161 agi

170 2190 250 2219 non
283 2176 404 2218 desiti
427 2177 556 2218 erant.
610 2175 716 2226 Quid
745 2176 849 2229 quod
871 2175 1073 2217 Publilius
1105 2189 1197 2216 cum
1229 2175 1333 2229 apud
1365 2174 1481 2224 alios,
1514 2174 1583 2228 qui
1613 2174 1720 2214 inter

296 2328 324 2372 ¹)
352 2327 404 2361 Cf.
431 2327 526 2361 Plin.
561 2327 646 2361 NH.
675 2329 728 2362 35.
759 2329 811 2368 17.
839 2327 895 2361 55.
922 2327 993 2361 vol.
1020 2326 1066 2361 V.
1094 2338 1127 2370 p.
1155 2326 1235 2361 290.
1263 2326 1317 2359 ed.
1346 2324 1463 2369 Sillig.
1515 2324 1609 2359 Gell.
1637 2324 1719 2358 NA.

173 2374 301 2409 XVII.
334 2374 383 2409 1-1.
418 2374 582 2408 Macrob.
618 2373 692 2408 Sat..
728 2374 781 2408 II.
810 2376 839 2410 T.
868 2374 949 2408 Sen.
978 2373 1150 2408 Controv.
1185 2372 1258 2408 ΠΙ.
1287 2372 1341 2408 18.
1379 2384 1414 2416 Ρ.
1441 2374 1520 2408 266.
1555 2372 1611 2406 ed.
1637 2371 1718 2415 Bip.

173 2421 254 2456 Sen.
289 2422 333 2456 de
369 2425 489 2465 tranq.
522 2422 630 2457 anim.
657 2421 726 2456 XI.
752 2422 784 2457 8.
812 2434 867 2465 ep.
894 2420 924 2455 I.
951 2420 982 2461 8,
1011 2421 1042 2456 ὃ.
1081 2420 1285 2455 Woelfflin.
1310 2419 1406 2454 Phil.
1432 2418 1560 2454 XXII.
1588 2431 1623 2462 p.
1650 2418 1719 2453 43?

178 2480 252 2512 sqq.
281 2469 515 2512 eiusdemque
539 2467 684 2512 Proleg.
712 2469 757 2502 ad
782 2468 890 2503 Publ.
916 2480 951 2512 p.
980 2468 1104 2502 1—15.

294 2515 324 2552 '²⁷1
350 2515 503 2557 Factum
541 2516 578 2549 id
615 2516 773 2550 refertur
807 2516 852 2549 ad
885 2527 916 2548 a.
944 2515 1021 2550 7o9.
1056 2527 1092 2549 u.
1119 2526 1148 2550 c.
1189 2515 1262 2559 (45.
1289 2526 1319 2548 a.
1348 2513 1450 2558 Chr.)
1489 2513 1534 2547 cf.
1563 2512 1638 2546 Cic.
1674 2511 1721 2545 ad

172 2561 273 2596 Fam.
300 2562 391 2598 XII.
419 2564 492 2597 1252:
530 2573 598 2606 quo
625 2574 720 2597 anno
747 2563 926 2597 Publilius
960 2563 989 2595 si
1024 2562 1143 2595 minor
1176 2565 1263 2595 natu
1288 2561 1419 2606 viginti
1452 2560 1581 2594 aetatis
1615 2559 1719 2593 annis

176 2609 332 2643 Romam
357 2610 460 2643 venit
487 2621 517 2645 a.
545 2610 625 2645 664.
652 2622 685 2645 u.
714 2622 744 2644 c.
771 2610 844 2655 (90.
872 2621 902 2644 a.
930 2608 1033 2653 Chr.)
1068 2608 1323 2652 sexagenarius
1349 2608 1493 2642 videtur
1525 2607 1646 2641 fuisse.
1673 2606 1720 2640 cf.

173 2655 289 2706 Sillig.
317 2657 363 2690 ad
388 2656 484 2691 Plin.
511 2657 534 2690 l.
561 2657 584 2692 l.

293 2704 321 2745 ³)
347 2703 500 2738 Hieron.
535 2704 581 2737 ad
607 2703 740 2738 Euseb.
768 2703 901 2737 Chr-on.
935 2703 980 2737 ad
1014 2702 1069 2737 Ol.
1098 2703 1196 2737 184:
1236 2702 1418 2736 Publilius
1444 2700 1719 2745 mimographus

172 2751 319 2785 natione
348 2750 459 2794 Syrus
486 2762 630 2784 scenam
655 2754 766 2785 tenet.
817 2750 871 2786 Cf.
898 2749 1048 2784 Teuffel.
1099 2749 1231 2785 Gesch.
1253 2749 1286 2783 (1.
1305 2749 1433 2783 Roem.
1460 2747 1551 2782 Litt.
1578 2748 1657 2787 212,
1687 2747 1719 2780 3.

291 2798 323 2842 ⁴)
347 2797 496 2832 Petron.
524 2797 598 2832 Sat.
627 2799 682 2833 55.
708 2809 742 2842 p.
771 2798 825 2833 63.
857 2797 911 2831 ed.
938 2796 1151 2831 Buecheler.
