1967 3090
879 126 930 131 -
998 104 1080 145 174
1146 126 1195 131 —

256 229 263 258 1
286 220 370 254 itm.
398 218 427 252 P
455 219 499 252 «1ιὶ
527 217 641 257 1405».
670 218 701 260 Q,
728 218 770 252 ⁴21
801 218 916 262 (521).
945 218 976 261 Q
996 219 1039 251 :35
1066 219 1178 261 (535).
1206 217 1239 261 Q
1257 218 1300 251 30·
1327 218 1438 261 (536).
1468 218 1500 260 Q
1527 217 1583 251 75.
1602 216 1638 251 V
1656 217 1676 251 7
1705 218 1818 262 (635).

265 266 354 299 Vide
391 266 502 309 praef.
539 277 572 308 p.
604 266 656 299 18.
700 264 767 298 Est
801 268 923 298 autem
949 265 1017 298 hoc
1044 265 1124 298 loco
1151 265 1366 297 invenire
1398 275 1531 298 novum
1557 264 1696 307 aliquid
1722 264 1821 299 felici

256 313 415 356 quodam
449 316 485 346 et
511 312 703 355 repentino
738 312 905 345 fortunae
940 324 1025 346 casu
1058 312 1109 345 sic
1137 312 1312 355 proferre,
1348 314 1387 344 ut
1419 311 1603 354 prolatum
1638 310 1744 345 docte
1779 322 1821 345 ac

258 360 389 394 callide
425 360 673 401 excogitatum
698 359 874 392 videatur.
926 358 979 394 Cf.
1007 359 1234 393 'saubnmmr
1269 358 1315 392 ad
1339 357 1460 393 Plaut.
1495 357 1604 401 Epid.
1631 357 1678 393 V.
1705 360 1737 400 2,
1765 359 1821 394 55.

259 410 338 450 Qua
374 407 417 440 de
454 407 488 440 vi
522 410 555 439 ct
596 410 780 449 potestate
814 406 916 439 verbi
950 406 996 441 cf.
1036 406 1118 441 Seu.
1154 406 1329 440 Controv.
1358 404 1402 439 V.
1430 405 1544 448 praef.
1578 417 1613 448 p.
1648 406 1727 440 320.
1763 405 1819 441 ed.

257 454 338 497 bip.
367 454 403 487 in
429 454 524 486 hunc
561 453 784 497 (Labienum
810 453 1010 496 rhetorem)
1043 454 1198 497 primuni
1234 452 1444 494 excogitata
1478 455 1533 486 est
1566 463 1660 486 nova
1691 463 1820 496 poena.

258 502 430 535 effectum
466 508 517 534 est
554 501 651 534 enini
685 512 750 543 per
783 501 960 535 inimicos.
997 504 1035 533 ut
1070 512 1194 534 omnes
1231 500 1306 533 cius
1334 499 1418 532 libri
1445 499 1735 534 incenderentur.
1763 510 1821 533 res

258 560 351 582 nova
386 554 419 582 et
449 548 592 581 insueta
629 547 811 591 supplicia
845 547 889 581 de
921 547 1050 581 studiis
1085 548 1187 581 sumi.
1228 547 1331 580 Bono
1364 546 1486 579 hercle
1512 546 1660 589 publico
1688 546 1759 580 ista
1784 547 1822 581 in

258 607 395 639 poenas
423 595 612 637 ingeniosa
638 594 836 627 crudelitas
862 598 945 638 post
973 594 1186 628 Ciceronem
1213 595 1407 628 inventa
1433 597 1498 628 est.
1545 592 1628 628 Sen.
1647 593 1820 638 Excerpt.

260 643 431 678 Coun-ov.
460 641 572 676 VIII.
600 642 631 675 4.
659 654 694 685 p.
723 642 803 676 469.
832 643 887 676 ed.
915 642 998 685 Bip.
1025 643 1125 675 cuius
1146 642 1242 675 inter
1262 641 1399 675 scelera
1418 641 1526 674 etiam
1544 640 1613 674 hoc
1632 643 1696 681 est,
1724 640 1822 684 quod

257 690 423 723 damnari
450 701 523 723 non
549 692 680 733 potest.
724 688 862 722 Contra
887 689 952 723 hos
980 689 1221 722 inventum
1248 691 1312 729 est,
1339 691 1378 721 ut
1397 688 1536 731 aliquid
1563 690 1648 731 post
1665 691 1822 722 mortem

257 737 441 777 timerent,
470 737 530 780 qui
557 747 623 770 nec
650 739 807 769 mortem
832 736 974 770 tinient.
1029 736 1155 780 Quint.
1182 735 1234 770 II.
1265 737 1317 777 lo,
1347 736 1376 770 1.
1404 734 1474 770 IV.
1502 735 1533 774 5,
1561 735 1592 768 4.
1621 735 1677 769 25.
1701 734 1745 770 V.
1766 736 1820 775 12,

261 785 313 819 19.
340 784 407 818 IX.
436 785 467 825 3,
496 784 552 819 34.
579 782 669 818 XII.
705 783 737 824 ὅ,
766 783 820 817 10.
860 794 943 816 113111
978 786 1018 817 ut
1049 783 1200 817 medicis
1234 794 1307 816 11011
1340 782 1558 826 apparentia
1591 782 1699 815 modo
1732 781 1822 816 vitia

258 832 419 866 curanda
451 834 544 872 sunt,
581 830 644 864 sed
680 830 790 864 etiam
816 830 1124 870 invenienda.
1160 842 1250 873 quae
1277 830 1401 871 latent,
1430 840 1537 873 saepe
1563 829 1652 872 ipsis
1680 840 1731 870 ea,
1760 829 1822 872 qui

259 879 411 912 sanandi
444 882 537 917 sunt,
574 878 843 912 occulentibus:
883 878 935 911 ita
962 878 1160 911 advocatus
1195 877 1301 921 plura
1334 888 1441 919 quam
1476 876 1729 915 ostenduntur,
1758 876 1819 910 ad-

257 926 396 970 spiciet.
448 926 532 960 Seu.
558 928 632 960 nat.
659 928 796 968 quaest.
822 924 854 959 I.
882 925 935 965 17,
962 925 995 959 4.
1023 925 1068 958 de
1095 925 1135 959 ir.
1163 924 1192 958 Ι.
1221 925 1275 965 16,
1311 925 1342 959 6.
1386 924 1473 967 quid
1517 924 1613 957 enim
1647 926 1702 957 est
1727 923 1820 957 indi-

257 974 374 1017 gnius,
396 984 505 1016 quam
522 972 653 1005 florere
679 972 854 1015 quosdam
880 974 917 1005 et
935 983 995 1005 eos
1014 971 1242 1015 indulgentia
1259 972 1408 1004 fortuna
1427 971 1537 1011 abuti,
1566 970 1695 1013 quibus
1720 970 1822 1003 nulla

259 1024 382 1064 potest
408 1020 492 1053 sat-is
519 1019 616 1052 mala
641 1019 798 1052 inveniri
825 1018 998 1052 fortuna?
1025 1019 1071 1052 ad
1095 1018 1206 1052 Marc.
1235 1018 1280 1051 de
1306 1018 1441 1053 consol.
1469 1017 1553 1051 XX.
1573 1020 1604 1052 1.
1623 1016 1653 1051 O
1672 1018 1821 1060 ignaros

258 1067 439 1101 malorum
465 1078 622 1106 suorum,
651 1066 781 1109 quibus
800 1077 873 1099 non
899 1078 996 1099 mors
1023 1069 1063 1099 ut
1089 1066 1266 1109 optimum
1292 1065 1537 1099 inventum
1563 1067 1716 1098 naturae
1744 1064 1821 1098 lau-

258 1115 366 1148 datur
391 1116 708 1158 exspectaturque.
737 1124 790 1157 ep.
820 1112 930 1147 VIII.
960 1115 974 1146 1
1004 1113 1082 1157 (ΤΟ)
1109 1114 1163 1146 25».
1192 1112 1253 1145 ille
1280 1112 1335 1144 vir
1360 1123 1515 1156 magnus
1542 1115 1607 1152 est,
1639 1112 1700 1155 qui
1725 1123 1821 1146 mor-

257 1166 333 1195 tem
360 1162 429 1195 sibi
455 1173 528 1194 non
553 1164 697 1194 tantum
716 1160 923 1204 imperavit,
953 1159 1016 1193 sed
1042 1160 1234 1193 invenit.
1263 1158 1580 1199 Contumelia,
1607 1162 1649 1192 ut
1667 1159 1717 1192 ait
1736 1158 1820 1194 Sen.

259 1209 304 1242 de
330 1212 445 1243 const.
482 1220 557 1252 sap.
584 1207 653 1242 XI.
681 1208 724 1243 Q..
759 1218 779 1240 a
805 1210 1020 1250 contemptu
1047 1207 1145 1240 dicta
1171 1209 1235 1247 est,
1264 1207 1349 1249 quia
1374 1218 1480 1240 nemo
1507 1206 1578 1239 nisi
1604 1217 1711 1248 quem
1736 1217 1820 1240 0011-

256 1257 420 1299 tempsit.
448 1256 515 1288 tali
540 1255 672 1288 iniuria
697 1257 813 1287 notat.
864 1253 981 1287 Nemo
1000 1254 1097 1287 enim
1123 1254 1301 1287 maiorem
1319 1253 1579 1296 melioremque
1606 1253 1820 1287 contemnit.

258 1302 381 1346 Atque
408 1303 445 1335 111
472 1313 513 1336 eo
548 1303 627 1345 ipso
654 1301 835 1335 Publilius
862 1301 1045 1334 liberioris
1083 1301 1195 1334 animi
1222 1304 1258 1334 et
1285 1301 1414 1334 aetatis
1440 1303 1550 1344 poeta
1576 1303 1612 1334 et
1638 1299 1778 1334 Seneca
1803 1311 1822 1334 e

260 1350 469 1384 Stoicorum
495 1360 607 1394 grege
633 1348 873 1392 philosophus
902 1349 998 1381 inter
1025 1360 1062 1382 se
1089 1348 1318 1387 dissentiunt,
1347 1348 1445 1391 quod
1470 1347 1532 1381 ille
1559 1347 1819 1381 contumeliam

256 1398 416 1440 ingenuo
444 1396 583 1429 homini
616 1396 714 1429 haud
747 1396 947 1436 ferendam,
987 1398 1116 1435 morte,
1150 1394 1304 1439 flagellis
1332 1395 1514 1439 ¹{pe-iorem,
1540 1394 1599 1428 hic
1633 1395 1819 1434 leviorem,

259 1445 391 1477 iniuria
425 1444 613 1483 minorem,
650 1443 817 1476 delicatis
844 1446 986 1476 tantum
1019 1454 1168 1487 gravem
1194 1446 1339 1483 censet„
1364 1441 1416 1477 Cf.
1452 1441 1559 1476 Publ.
1593 1441 1620 1474 C
1654 1442 1697 1475 15
1733 1441 1820 1485 (99).

261 1491 289 1525 C
329 1492 369 1526 18
403 1492 516 1536 (Ilm).
552 1490 571 1524 I
598 1491 640 1524 11
669 1490 783 1535 (240).
818 1490 857 1524 Μ
883 1490 928 1524 46
954 1490 1067 1534 (353).
1093 1488 1133 1523 M
1161 1490 1204 1524 66
1231 1489 1343 1534 (374).
1371 1488 1404 1532 Q
1430 1489 1449 1523 3
1480 1489 1595 1533 (502).
1624 1488 1707 1522 coll.
1736 1487 1820 1522 Sen.

260 1539 304 1572 (10
331 1541 445 1572 const.
473 1549 548 1581 sap.
578 1537 622 1571 V.
652 1539 682 1572 1.
714 1538 746 1571 2.
780 1537 826 1570 ad
857 1536 970 1571 Marc.
1006 1536 1050 1570 de
1085 1537 1220 1570 consol.
1252 1535 1299 1571 X.
1337 1537 1367 1570 1.
1402 1535 1503 1579 Quae
1537 1548 1619 1570 cum
1652 1536 1703 1569 ita
1736 1536 1819 1576 sint,

260 1586 443 1620 sententia
469 1584 731 1619 contumeliam
756 1596 829 1618 non
855 1584 964 1618 facile
989 1584 1061 1617 nisi
1085 1584 1123 1617 in
1148 1585 1300 1617 miseros
1327 1584 1489 1617 exerceri
1515 1583 1631 1624 docet,
1666 1582 1821 1626 proinde

260 1645 301 1667 30
329 1633 358 1666 31
385 1633 422 1665 111
449 1644 509 1666 003
536 1632 636 1676 ipsos
663 1635 836 1674 tanquam
864 1631 1029 1665 debitum
1047 1631 1268 1674 supplicium
1286 1631 1534 1675 excogitatum
1561 1631 1618 1665 sit.
1663 1630 1717 1664 Of.
1736 1628 1820 1665 Sen.

259 1680 305 1714 ad
332 1679 446 1714 Marc.
482 1679 527 1713 de
561 1679 697 1714 consol.
724 1678 791 1713 XI.
827 1679 858 1713 3.
893 1682 933 1711 ut
960 1678 1109 1711 fortuna
1134 1678 1334 1717 hominem,
1370 1678 1421 1711 ita
1446 1677 1612 1712 homines
1638 1676 1821 1710 infelicem

259 1730 500 1761 contemnunt
536 1727 619 1760 coll.
647 1726 693 1759 de
717 1726 759 1761 ir.
787 1725 839 1759 II.
866 1726 897 1766 8,
926 1726 957 1760 ⁴2.
999 1725 1120 1758 Minus
1146 1725 1305 1769 placent,
1334 1736 1426 1768 (11130
1452 1725 1498 1758 3(1
1523 1736 1669 1758 versum
1693 1723 1820 1757 Publi-

260 1774 396 1808 lianum
431 1774 584 1807 adnotat
616 1773 808 1806 Erasmus:
857 1772 961 1815 „Hoc
995 1783 1143 1805 carmen
1177 1772 1277 1805 varie
1318 1772 1439 1815 reperi
1471 1772 1722 1815 depravatum.
1771 1771 1821 1805 Et

259 1821 358 1854 haud
393 1821 467 1854 scio
502 1833 547 1854 an
581 1824 682 1854 recte
718 1820 932 1855 divinarim:
967 1819 1052 1853 Non
1077 1819 1224 1853 videtur
1251 1819 1482 1859 contumelia,
1510 1830 1617 1861 quam
1643 1818 1757 1852 facias
1783 1818 1822 1851 in

259 1869 446 1902 hominem
481 1868 647 1901 malum
681 1870 717 1901 et
751 1867 947 1902 infelicem.
998 1866 1078 1900 Nisi
1112 1867 1163 1900 sic
1188 1866 1318 1899 mavis:
1358 1866 1404 1899 In
1430 1866 1520 1899 vitia
1544 1866 1667 1899 miseri
1693 1868 1820 1899 contu-

258 1916 369 1949 melia
420 1918 474 1949 est
524 1915 645 1948 dicere
683 1915 705 1949 i.
733 1926 762 1949 e.
796 1914 1039 1948 contumeliae
1083 1925 1196 1958 genus
1245 1917 1300 1947 est
1334 1913 1509 1947 insectari
1539 1913 1629 1947 vitia
1661 1912 1819 1946 hominis

260 1963 393 2001 miseri,
423 1963 483 2005 qui
509 1963 624 2006 magis
651 1966 736 2005 eget
762 1961 1040 1996 consolationef‘

357 2011 410 2044 15.
437 2009 518 2043 Duo
547 2009 585 2042 in
611 2009 679 2043 hoc
706 2020 814 2042 versu
841 2008 1070 2042 offenderunt
1096 2008 1194 2041 viros
1221 2007 1359 2048 doctos,
1396 2008 1561 2048 alterum,
1598 2007 1704 2050 quod,
1738 2018 1819 2041 cuni

258 2057 296 2090 in
330 2057 512 2100 plerisque
531 2056 684 2089 Publilii
709 2056 897 2090 codicibus
924 2055 1068 2089 facile
1096 2058 1179 2088 ante
1206 2055 1317 2088 fieri
1342 2055 1560 2095 inveniatiir,
1589 2054 1626 2088 id
1651 2054 1690 2087 in
1709 2054 1820 2088 Gellii

260 2108 297 2137 et
330 2103 512 2138 Macrobii
560 2103 747 2137 codicibus
782 2103 1026 2144 desideratur3
1067 2102 1238 2141 alterum,
1279 2102 1374 2145 quod
1416 2101 1603 2135 nonnullis
1644 2104 1745 2135 certe
1782 2102 1821 2134 in

258 2151 363 2184 libris
390 2162 434 2184 ne
461 2151 581 2184 hunc
614 2151 760 2193 quidem
792 2150 968 2183 traditum
1002 2153 1058 2183 est
1084 2150 1129 2184 cf.
1156 2149 1278 2184 Bentl.
1312 2149 1435 2184 adnot.
1470 2149 1517 2182 ad
1542 2148 1653 2182 Publ.
1679 2160 1712 2182 v.
1739 2148 1818 2183 264.

259 2198 417 2232 Accedit
443 2198 539 2240 quod
565 2198 602 2230 in
628 2197 727 2231 PRB
754 2201 838 2241 post
863 2197 985 2231 hunc
1011 2197 1158 2240 negatio
1185 2197 1209 2229 fi
1234 2197 1255 2229 i.
1284 2209 1313 2231 e.
1340 2208 1426 2230 non
1452 2196 1590 2230 inserta
1617 2199 1682 2229 est.
1725 2194 1820 2228 Mihi

259 2256 325 2278 nec
352 2245 491 2279 facile
518 2256 583 2278 nec
609 2245 728 2278 1111110
763 2245 924 2278 colorem
950 2243 1200 2277 Publilianum
1226 2243 1372 2277 videtur
1397 2255 1485 2286 prae
1512 2254 1549 2276 se
1575 2243 1683 2277 ferre.
1725 2242 1820 2277 Nam

259 2295 300 2325 ut
334 2291 548 2325 adverbium
582 2291 725 2325 facile
762 2302 870 2335 saepe
903 2303 984 2325 cum
1017 2303 1051 2324 v.
1078 2291 1191 2324 fieri
1227 2291 1460 2324 coniunctum
1486 2290 1661 2331 videmus,
1696 2290 1748 2323 ita
1773 2290 1818 2323 ab

260 2339 328 2373 hoc
354 2339 434 2372 loco
470 2342 668 2382 propterea
703 2338 863 2372 alienum
898 2342 962 2378 est,
999 2338 1096 2381 quod
1129 2349 1196 2371 nec
1223 2341 1365 2370 tantuin
1401 2337 1447 2371 ad
1473 2338 1695 2371 sententiam
1719 2337 1819 2370 valet

258 2390 298 2419 ut
333 2386 433 2419 salva
459 2386 641 2419 sententia
673 2386 799 2419 deesse
832 2396 906 2419 non
931 2386 1046 2428 possit
1080 2396 1147 2418 nec
1180 2384 1277 2428 apud
1304 2384 1377 2418 Cic.
1410 2384 1511 2419 Lael.
1538 2383 1645 2419 XVI.
1689 2384 1745 2418 59.
1775 2394 1819 2417 ex

259 2444 329 2476 «1110
364 2433 445 2467 loco
481 2433 663 2466 sententia
689 2432 897 2466 Publiliana
929 2433 1086 2476 repetita
1120 2436 1186 2473 est,
1221 2431 1312 2464 nihil
1340 2432 1485 2475 legitur,
1523 2431 1620 2474 quod
1645 2431 1818 2465 adverbio

260 2480 406 2514 facile
439 2492 541 2513 31111111
569 2480 744 2513 concedat
775 2480 905 2513 10011111.
957 2479 1167 2513 Pronomen
1196 2479 1319 2512 -hunc
1344 2490 1450 2512 nemo
1486 2479 1556 2512 erit
1582 2478 1669 2521 quin
1694 2478 1819 2511 statim

260 2531 343 2570 post
382 2527 576 2560 amicum
611 2526 755 2559 illatum
789 2527 924 2571 frigere
961 2527 1105 2559 sentiat.
1165 2525 1262 2568 Quid
1294 2526 1391 2568 quod
1423 2537 1504 2559 cuni
1538 2537 1559 2558 a
1592 2525 1695 2558 libris
1731 2525 1819 2558 olim

260 2574 420 2614 afuisset,
449 2577 579 2617 postea
604 2573 750 2606 demum
776 2572 1001 2617 pronominis
1029 2573 1252 2607 accusativus
1279 2572 1334 2605 hu
1345 2585 1395 2606 nc
1422 2572 1479 2606 vel
1513 2573 1559 2605 ob
1586 2582 1819 2605 numerorum

262 2621 407 2654 ruinam
439 2621 497 2654 vel
533 2621 579 2654 ob
613 2621 892 2665 grammaticam
928 2621 1109 2663 quandam
1143 2621 1322 2653 rationem
1356 2620 1502 2653 videtur
1534 2620 1696 2653 invectus
1723 2618 1818 2652 esse?

260 2668 305 2701 Id
331 2668 429 2711 quod
456 2680 497 2701 eo
525 2668 668 2701 facilius
696 2667 815 2701 fiebat.
844 2667 942 2711 quod
967 2667 1085 2700 hunc
1111 2667 1239 2710 primis
1266 2678 1397 2700 nomen
1424 2667 1659 2700 inimicum
1685 2665 1817 2699 litteris

262 2715 534 2749 exordientibus
569 2714 784 2758 almorptum
817 2715 935 2748 videri
975 2718 1131 2758 poterat.
1195 2713 1422 2757 Quamquam
1459 2725 1566 2747 nemo
1603 2714 1702 2747 locos
1741 2723 1820 2746 esse
