1967 3090
734 142 789 147 —
852 118 937 161 ⁴205
1000 140 1056 146 —

121 235 219 270 enim
252 235 287 267 in
315 233 467 268 adversa
493 234 572 273 niti.
609 234 671 277 qui
697 233 864 278 pervenit
891 234 938 267 ad
963 244 1189 267 summum.
1242 231 1440 266 Scandenti
1467 232 1564 266 circa
1590 232 1678 265 ima

118 282 223 316 labor
248 285 319 315 est:
348 288 508 314 ceterum
535 286 707 324 quantum
735 281 966 325 processeris,
992 281 1180 314 mollietur
1206 279 1319 314 clivus
1344 283 1378 313 et
1397 279 1526 313 laetius
1546 279 1675 314 solum.

120 328 290 363 Ceterum
325 339 430 362 nemo
463 340 535 361 11011
569 328 667 362 videt
703 328 919 362 sententiam
954 338 1079 362 veram
1114 338 1191 361 esse
1223 338 1296 360 1103
1328 326 1445 370 magis
1472 327 1509 360 111
1535 326 1677 360 artibus

120 376 336 418 litterisque,
373 386 480 418 quam
506 375 543 408 in
569 374 676 409 rebus
705 374 873 410 civilibus
901 385 941 408 30
968 374 1136 418 publicis.
1187 373 1283 408 Nam
1309 381 1343 407 et
1362 373 1545 407 Publilius
1570 373 1604 407 N
1632 373 1677 407 14

119 424 222 468 (390)
246 433 393 456 11000330
420 430 484 456 est.
520 422 656 466 inquit,
692 422 844 456 minima
869 422 1111 456 maximorum
1137 432 1215 455 esse
1240 421 1364 460 initia,
1401 424 1436 454 et
1464 420 1605 455 Seneca
1631 420 1677 454 de

119 469 238 505 benef.
265 468 339 504 III.
367 470 422 509 22,
437 469 469 503 4.
505 470 583 513 quis
617 473 739 504 tantus
773 472 845 509 est,
879 480 986 513 quem
1018 480 1092 502 non
1118 468 1267 502 fortuna
1293 468 1459 512 indigere
1487 469 1598 501 etiam
1623 468 1679 501 in-

120 517 215 552 fimis
242 518 374 561 cogat?
400 537 443 541 —

215 564 268 599 49.
298 563 495 608 Comparat
522 562 698 598 Gruterus
725 561 814 597 Sall.
834 562 911 598 Cat.
940 562 1067 603 53,19.
1096 562 1247 596 animus.
1276 566 1385 596 aetas.
1413 562 1529 595 virtus
1555 566 1677 596 vestra

120 623 177 646 me
194 612 400 647 hortantur.
427 614 616 655 praeterea
633 609 956 650 necessitudo,
986 621 1077 654 quae
1095 609 1205 644 etiam
1222 609 1370 643 timidos
1389 609 1491 643 fortis
1510 609 1611 643 facit.

218 659 273 694 50.
303 658 357 693 Cf.
386 657 467 693 Sen.
493 657 647 702 Hippol.
673 657 754 693 4‘29.
780 657 897 691 malus
924 660 979 692 est
1004 657 1171 691 minister
1195 656 1287 700 regii
1313 656 1459 700 imperii
1484 656 1612 700 pudor.

215 707 268 741 51.
297 706 350 741 Cf.
388 704 510 748 Quint.
545 704 574 738 Ι.
604 705 706 745 1‚26.
739 705 832 739 illud
866 709 990 739 tamen
1023 704 1202 748 imprimis
1237 703 1441 737 tollendum
1475 707 1546 744 est,
1584 703 1678 738 nihil

120 756 315 798 praecepta
348 759 457 797 atque
492 754 587 786 artes
622 752 744 786 valere
775 752 845 786 m'si
879 752 1074 786 adiuvante
1105 754 1244 786 natura.
1295 750 1348 786 II.
1385 751 1438 791 19.
1459 751 1491 784 2.
1529 762 1615 784 nam
1647 751 1676 784 si

121 802 219 845 parti
236 800 403 834 utrilibet
421 800 568 834 omnino
587 799 739 833 alteram
756 799 940 840 detrahas.
957 802 1089 833 natura
1108 799 1220 832 etiam
1239 798 1315 832 sine
1333 788 1500 832 doctrina
1518 798 1677 832 multum

121 848 267 889 v,alebit
303 847 468 881 doctrina
502 846 602 880 nulla
637 857 713 880 esse.
740 847 817 880 sine
843 852 974 880 natura
1000 846 1147 890 poterit.
1199 844 1280 880 Sen.
1309 856 1364 889 ep.
1392 844 1460 880 IX.
1490 847 1509 880 5
1537 846 1616 882 (76)
1643 846 1675 881 6.

123 896 212 939 quid
238 894 450 939 exspectas.
488 894 580 927 nulli
606 905 732 938 sapere
759 905 845 928 casu
871 894 1022 939 obtigit:
1049 894 1204 938 pecunia
1230 893 1350 927 veniet
1377 893 1486 928 ultro.

215 943 269 977 52.
297 941 353 976 De
390 942 569 975 sententia
596 941 640 976 cf.
668 940 775 975 Publ.
803 941 841 975 H
869 942 911 975 17
936 942 1048 985 (219).
1100 940 1182 975 Ter.
1208 940 1344 974 Heaut.
1371 939 1438 974 IV.
1476 942 1504 980 1,
1522 941 1576 975 53.
1603 951 1678 973 11011

119 990 205 1024 licet
237 989 421 1023 hominem
456 999 533 1022 esse
568 1000 674 1032 saepe
707 990 758 1022 ita
792 992 833 1022 ut
866 988 962 1029 volt,
998 989 1027 1021 si
1063 1000 1119 1022 res
1145 999 1219 1022 non
1246 988 1341 1021 sinit.
1393 988 1475 1022 Seu.
1502 987 1678 1031 Excerpt.

121 1036 291 1072 Controv.
320 1035 388 1071 IV.
416 1036 447 1070 4.
474 1047 508 1079 p.
539 1037 617 1070 420.
645 1036 701 1071 ed.
728 1036 810 1080 Bip.
838 1037 1036 1070 necessitas
1064 1042 1118 1070 est
1145 1035 1203 1069 lex
1230 1035 1419 1079 temporis

215 1084 269 1119 54.
297 1082 485 1117 Sententia
510 1083 662 1127 parodia
688 1094 813 1117 versus
831 1082 991 1117 Enniani
1009 1087 1073 1117 est.
1101 1083 1162 1126 qui
1181 1087 1300 1116 exstat
1319 1082 1415 1126 apud
1433 1082 1505 1117 Cic.
1525 1081 1555 1115 F
1558 1082 1605 1117 in.
1625 1081 1677 1117 II.

123 1132 176 1167 13
191 1132 247 1166 41.
290 1130 451 1164 Nimium
477 1130 609 1171 bonist.
637 1131 694 1165 cui
719 1130 811 1164 1111111
838 1132 883 1164 sit
909 1131 996 1164 mali
1017 1131 1077 1176 [in
1095 1130 1217 1164 diem
1237 1130 1419 1174 supplevit
1438 1129 1678 1186 Ribbeckius]

119 1183 159 1213 ut
184 1178 242 1212 hic
269 1178 468 1212 translatus
496 1185 549 1211 est
577 1190 621 1212 ex
647 1177 772 1222 Eurip.
791 1177 889 1211 Med.
918 1179 995 1212 622.
1025 1178 1102 1212 623.
1130 1186 1244 1212 κεῖνςο
1269 1177 1311 1210 ὀι
1317 1178 1490 1211 &airam
1507 1176 1581 1209 ὅτε)
1600 1189 1664 1208 κατ

122 1227 216 1270 ἧααρ
241 1227 404 1269 τι·;χάιει
429 1222 538 1267 fer-1521
565 1226 684 1260 κακόι
735 1225 788 1260 Cf.
807 1224 968 1270 Madng
988 1224 1034 1258 ad
1052 1225 1086 1259 h.
1105 1225 1128 1260 l.
1168 1224 1270 1267 Quae
1287 1213 1397 1258 Ennii
1414 1224 1473 1258 vel
1489 1223 1679 1268 Euripidis

123 1273 304 1307 sententia
331 1284 413 1306 cum
439 1272 483 1305 (10
510 1272 584 1306 vita
612 1273 668 1306 sit.
698 1284 778 1306 eam
794 1272 973 1324 Publilius
1001 1273 1051 1306 sic
1077 1272 1223 1306 videtur
1249 1283 1314 1315 per
1338 1272 1546 1311 mutavisse,
1572 1274 1613 1304 ut
1632 1271 1678 1305 ad

120 1325 276 1354 mortem
306 1319 533 1353 transferret.
585 1319 639 1355 Cf
666 1319 771 1355 Publ.
799 1319 880 1355 Xe
861 1320 1017 1364 (384).
1069 1318 1260 1353 Sententia
1293 1319 1406 1364 igitur
1438 1319 1560 1360 docet,
1597 1329 1679 1352 011111

121 1368 159 1401 in
193 1374 310 1400 morte
344 1366 435 1400 nihil
463 1367 547 1400 mali
574 1368 638 1400 sit.
674 1379 754 1401 eam
780 1367 870 1401 adeo
896 1379 969 1400 nou
995 1366 1129 1401 debere
1155 1366 1291 1407 timeri,
1326 1373 1365 1400 ut
1391 1366 1500 1399 etiam
1526 1366 1677 1399 nimium

124 1414 211 1448 boni
244 1414 377 1447 habere
403 1413 585 1454 videatur,
622 1426 704 1448 cum
731 1415 891 1448 animum
917 1418 980 1448 aut
1007 1414 1175 1447 omnibus
1202 1413 1301 1447 vitae
1329 1414 1510 1447 aerumnis
1547 1412 1677 1446 liberet

122 1466 183 1495 aut
219 1461 340 1505 aliquo
376 1460 550 1494 deducat.
584 1461 645 1495 ubi
673 1462 717 1495 sit
745 1461 887 1495 fut-urus
915 1467 1094 1496 aeternus.
1146 1460 1200 1495 Cf.
1229 1460 1302 1496 Cic.
1332 1460 1409 1494 Cat.
1436 1459 1523 1494 Mai.
1551 1460 1606 1501 19,
1622 1460 1678 1495 66.

122 1508 203 1543 Sen.
230 1509 276 1543 ad
300 1507 411 1542 Marc.
440 1507 484 1541 de
511 1509 647 1543 consol.
666 1508 752 1543 XX.
772 1509 803 1543 3.
855 1509 985 1543 Caram
1011 1516 1057 1549 te.
1085 1509 1171 1549 vita,
1201 1508 1375 1542 beneficio
1401 1508 1530 1541 mortis
1548 1507 1674 1541 habeo.

121 1561 196 1591 nat.
224 1563 361 1599 quaest.
389 1554 456 1589 VI.
477 1555 532 1595 32,
556 1556 603 1590 12.
623 1556 692 1590 hoc
712 1556 940 1601 adfingamus
960 1557 1091 1596 animo.
1118 1556 1187 1589 1100
1206 1555 1310 1589 nobis
1329 1555 1482 1589 subinde
1500 1555 1678 1589 dicamus:

121 1603 351 1637 moriendum
378 1610 443 1637 est.
495 1602 660 1646 Quando,
689 1604 777 1646 quid
802 1603 889 1637 tua?
915 1615 1012 1637 mors
1038 1609 1193 1637 naturae
1221 1603 1280 1636 lex
1299 1609 1363 1643 est.
1384 1614 1481 1636 mors
1500 1602 1679 1635 tributum

123 1650 356 1694 officiumque
383 1650 594 1684 mortalium
620 1650 868 1694 malorumque
896 1651 1057 1684 0313111111
1082 1651 1292 1684 remedium.
1320 1661 1375 1694 ep.
1402 1649 1471 1683 IV.
1502 1650 1515 1683 1
1545 1649 1623 1694 (30)
1646 1650 1676 1684 6.

124 1709 220 1743 ergo,
247 1698 375 1741 inquit.
402 1708 500 1731 mors
527 1698 616 1732 adeo
644 1705 749 1732 extra
775 1709 880 1731 omne
907 1698 1043 1732 malum
1069 1705 1134 1731 est.
1162 1705 1201 1731 nt
1228 1698 1275 1731 sit
1302 1702 1406 1731 extra
1433 1707 1578 1731 omnem
1602 1707 1680 1730 ma·

120 1746 240 1779 lorum
265 1751 413 1779 metum.
442 1747 472 1780 9.
500 1745 591 1789 plus.
619 1750 657 1779 ut
683 1749 784 1789 puto,
820 1745 906 1779 fidei
933 1745 1030 1789 apud
1055 1750 1108 1785 te.
1144 1745 1225 1788 plus
1251 1745 1433 1788 ponderis.
1461 1744 1491 1778 si
1516 1744 1596 1787 quis
1622 1754 1677 1777 re-

121 1793 272 1826 vixisset
297 1796 333 1826 et
358 1792 404 1825 in
429 1799 575 1826 morte
601 1792 724 1826 nihil
749 1792 860 1826 mali
885 1804 987 1826 esse
1013 1796 1179 1826 narraret
1207 1798 1386 1836 expertus.

217 1841 271 1874 55.
299 1838 478 1873 Gradus
513 1839 546 1874 h.
575 1839 596 1875 l.
633 1839 815 1885 significat
843 1840 880 1873 id
907 1840 1004 1883 quod
1029 1851 1094 1873 nos
1121 1839 1274 1874 dicimus
1302 1839 1437 1874 Stufe
1464 1844 1501 1872 et
1525 1849 1680 1872 numero

121 1887 262 1931 pariter
295 1892 491 1930 usurpatur
525 1887 701 1928 sintrulaii
736 1887 799 1925 (cf.
827 1886 950 1930 Quint.
979 1886 1022 1922 V.
1053 1887 1200 1927 1Ο,116.
1237 1887 1396 1921 3001111ᾶο
1430 1886 1559 1931 gradu.
1587 1885 1676 1919 VH.

121 1935 154 1968 4.
170 1934 224 1969 39.
257 1945 363 1978 pares
395 1933 522 1978 gradu.
551 1934 660 1969 VIII.
687 1935 718 1975 4.
734 1935 764 1968 4.
801 1946 872 1968 uno
898 1935 1025 1979 gradu.
1053 1936 1084 1976 6.
1101 1934 1155 1969 38.
1183 1934 1323 1968 medius
1350 1934 1498 1977 quidem
1523 1933 1677 1978 gradus)

123 1992 164 2015 ac
189 1946 325 2025 plurali
350 1980 412 2021 (cf.
441 1980 566 2024 Quint.
593 1981 667 2017 ΠΙ.
696 1983 725 2021 Τ,
745 1983 797 2017 15
832 1982 962 2015 aetatis
996 1970 1141 2025 gradus.
1169 1981 1216 2016 V.
1245 1982 1275 2021 ἶ,
1291 1981 1348 2016 20.
1378 1980 1488 2015 VIII.
1515 1981 1584 2020 4‚‘
1569 1996 1596 2015 t·
1623 1981 1680 2015 )6”.

121 2028 153 2062 4.
171 2029 201 2063 9.
231 2029 327 2062 circa
354 2028 514 2072 singulos
540 2029 687 2072 gradus.
708 2028 753 2064 V
775 2030 829 2069 1⁴»
844 2029 901 2063 46.
928 2029 1056 2063 iisdem
1074 2036 1283 2072 temporum
1301 2028 1485 2073 gradibus.
1504 2027 1553 2063 V.
1574 2029 1629 2062 11.
1647 2028 1678 2062 T.

123 2075 269 2109 eosdem
287 2075 421 2121 gradus
441 2074 561 2110 habet.
580 2075 669 2111 XII.
691 2076 744 2115 10,
761 2076 816 2111 68.
835 2076 970 2109 multos
988 2076 1124 2120 gradus
1142 2075 1332 2120 habeant).
1372 2075 1471 2109 Hinc
1488 2064 1680 2120 gradum

124 2126 245 2156 servat
270 2123 330 2156 vel
357 2122 538 2161 observat.
575 2123 638 2166 qui
662 2123 715 2156 ita
742 2135 921 2156 summum
946 2124 1050 2167 petit,
1082 2126 1121 2156 ut
1147 2123 1248 2157 nullo
1275 2123 1393 2167 gradu
1418 2123 1588 2167 neglecto
1613 2133 1681 2166 per

123 2170 286 2215 singulos
326 2169 460 2214 gradus
499 2169 707 2205 adscendat.
757 2169 859 2204 Dicit
888 2171 1001 2215 igitur
1025 2169 1223 2204 Publilius:
1265 2168 1580 2213 Quemadmodum
1619 2169 1680 2212 qui

125 2228 306 2251 summum
333 2217 490 2260 aliquem
515 2217 635 2250 locum
661 2229 727 2262 per
753 2218 889 2251 scalam
917 2229 1130 2252 ascensurus
1157 2223 1222 2251 est.
1250 2217 1450 2261 prudenter
1475 2228 1540 2261 per
1559 2216 1681 2262 singu-

125 2264 182 2297 los
217 2264 292 2298 eius
318 2265 453 2308 gradus
480 2265 516 2297 in
544 2264 658 2298 altum
684 2265 774 2298 eniti
800 2265 908 2298 debet
935 2265 1003 2299 hoc
1030 2276 1171 2305 cavens,
1207 2276 1253 2298 ne
1278 2276 1350 2298 uno
1377 2264 1540 2298 alterove
1563 2263 1681 2308 gradu

127 2322 195 2355 per
231 2311 504 2357 neglegentiam
536 2312 595 2345 vel
629 2312 851 2356 imperitiam
885 2312 1092 2346 intermisso
1126 2312 1288 2346 labatur:
1329 2312 1379 2346 sic
1413 2322 1520 2345 nemo
1555 2322 1618 2345 seu
1642 2311 1681 2344 in

125 2358 277 2392 civitate
292 2359 365 2392 sive
380 2358 418 2392 in
431 2365 509 2392 arte
525 2359 645 2402 aliqua
662 2360 909 2403 principatum
924 2367 1144 2403 assequetur,
1171 2359 1250 2393 nisi'
1268 2359 1329 2402 qui
1347 2370 1471 2393 omnes
1496 2369 1562 2399 res,
1590 2369 1681 2402 quae

129 2404 176 2439 ad
211 2416 293 2439 eum
326 2405 567 2439 obtinendum
592 2408 819 2440 necessariae
846 2413 939 2446 sunt,
966 2418 1038 2441 uno
1065 2407 1168 2450 quasi
1192 2410 1320 2441 tenore
1344 2407 1397 2440 ita
1421 2406 1681 2450 penetraverit.

127 2463 173 2486 ne
206 2452 319 2486 ullam
353 2456 415 2486 aut
450 2454 560 2487 animi
593 2454 744 2488 levitate
779 2462 839 2487 aut
872 2454 984 2488 nimia
1026 2454 1260 2488 festinatione
1301 2453 1474 2497 abreptus
1506 2456 1680 2487 transeat.

123 2498 235 2533 Cuius
274 2501 327 2533 rei
368 2500 576 2544 exemplum
608 2501 723 2535 tradit
757 2500 906 2535 Petron.
942 2500 1017 2536 Sat.
1050 2500 1118 2535 IV.
1154 2513 1237 2535 cum
1271 2502 1316 2535 de
1342 2500 1547 2544 eloquentia
1573 2500 1678 2534 dicit:

125 2545 323 2589 „Parentes
359 2547 609 2592 obiurgatione
644 2549 747 2591 dioni
781 2555 875 2589 sunt,
916 2549 977 2592 qui
1011 2549 1140 2583 nolunt
1172 2548 1308 2583 liberos
1341 2559 1423 2582 suos
1451 2558 1574 2582 severa
1598 2547 1681 2591 lege

122 2573 311 2637 proficere.
350 2593 513 2628 Primum
539 2596 644 2635 enim.
673 2596 766 2629 sicut
793 2596 925 2636 0131113,
952 2607 1034 2640 spes
1061 2607 1202 2640 quoque
1221 2607 1303 2629 suas
1322 2595 1513 2629 ambitioni
1530 2594 1680 2628 donant.

123 2640 269 2675 Deinde
296 2653 378 2675 cum
404 2641 450 2675 ad
475 2648 562 2676 vota
587 2632 798 2687 properant.
827 2642 938 2676 cruda
965 2642 1084 2677 adhuc
1110 2643 1231 2677 studia
1255 2643 1294 2676 in
1319 2642 1439 2677 forum
1466 2641 1677 2686 propellunt

122 2692 158 2721 et
192 2689 448 2732 eloquentiam.
482 2700 552 2732 qua
584 2690 676 2723 nihil
714 2701 794 2724 esse
819 2690 934 2724 maius
961 2690 1192 2730 confitentur,
1226 2690 1348 2734 pueris
1374 2690 1531 2723 induunt
1558 2687 1678 2722 adhuc

121 2735 364 2769 nascentibus.
403 2735 542 2779 Quodsi
559 2741 777 2781 paterentur
801 2737 970 2771 laborum
995 2738 1130 2782 gradus
1155 2737 1246 2778 fieri,
1280 2744 1322 2770 ut-
1348 2736 1503 2770 studiosi
1530 2735 1678 2769 iuvenes
