1967 3090
194 266 292 308 295.

194 654 292 696 300.

200 1169 298 1213 3οι5.

200 1686 298 1729 310.

273 1881 299 1932 ..Γ

197 2010 296 2052 315.

196 2398 295 2441 320.

763 173 819 177 -—
883 149 964 191 105
1027 172 1083 176 ——

328 265 460 316 Quem
492 265 612 318 saepe
644 266 794 306 transit
825 266 955 314 casus,
990 264 1206 318 aliquando
1239 266 1405 307 invenit.
1544 268 1598 309 67
1631 267 1700 307 Ps.

325 330 403 380 Qui
436 329 515 371 cito
547 330 741 377 laudavit,
774 321 986 371 laudatum
1017 331 1183 371 accus-[it
1216 331 1310 372 cito.
1538 332 1592 374 69
1626 332 1698 372 Bo.

327 394 405 444 Qui
440 394 539 435 facit
570 395 736 445 invitus,
770 396 848 435 non
881 395 950 447 qui
981 394 1129 443 iussus,
1164 395 1225 435 ῥεῖ
1258 395 1393 437 miser.
1507 398 1590 438 245)
1626 396 1701 445 Qu.

325 458 402 509 Qui
433 460 562 500 hostis
594 462 656 500 est
693 460 876 508 suorum,
916 459 1108 499 inimicus
1148 459 1210 499 ῥεῖ
1247 460 1472 500 communis

1053 524 1247 564 omnium.
1507 526 1591 566 274
1626 523 1701 574 Qu.

326 588 405 638 Qui
437 588 589 629 insanit
619 588 718 641 ipse,
753 586 887 628 furere
920 587 1049 628 credit
1081 588 1251 628 ceteros.
1519 590 1602 631 174
1635 590 1702 629 Ps.

330 653 408 704 Qui
432 665 594 693 nummo
618 652 847 705 Venerique
869 652 1116 700 immoritur,
1149 654 1227 693 non
1249 652 1352 692 vixit
1374 653 1494 693 causa

1053 730 1138 758 sua.
1513 718 1596 759 :2317
1632 716 1702 757 Go.

333 781 411 831 Qui
442 781 581 834 pipere
613 781 803 830 abundat,
837 781 1013 822 oleribus
1045 782 1193 822 miscet
1224 782 1353 834 piper.
1515 782 1601 824 290
1632 781 1704 822 Bo.

331 845 409 896 Qui
431 848 578 898 potest,
602 858 679 887 non
702 846 790 887 vult
810 846 968 895 ulcisci,
991 846 1080 886 iure
1104 845 1348 887 clementem
1370 859 1502 887 voces.
1547 847 1597 888 ῖ1
1633 845 1706 887 Go.

331 910 409 961 Qui
433 923 473 951 se
496 910 639 963 fugere
662 910 805 960 credit,
827 910 963 951 media
985 909 1091 951 solet
1112 911 1153 951 in
1175 910 1261 952 fata
1282 911 1499 951 incurrere.

1518 976 1600 1018 ’136
1634 975 1704 1016 Fa.

326 1038 554 1092 Quicquam
586 1052 685 1092 agas
718 1052 815 1081 cave
849 1039 953 1093 quod
985 1053 1064 1082 non
1105 1040 1226 1082 debes
1266 1040 1336 1081 aut
1368 1040 1475 1093 quod

1052 1104 1172 1146 debes
1204 1104 1414 1158 neglegas.
1509 1106 1592 1148 339
1627 1103 1700 1145 Go.

333 1169 532 1222 Quicquid
555 1169 674 1210 datur
697 1170 783 1222 spei
806 1169 1025 1222 improbae,
1049 1183 1259 1223 nunquam
1282 1171 1344 1210 ῥεῖ
1366 1170 1479 1210 satis.
1533 1170 1615 1212 261
1639 1170 1705 1209 Ρε.

325 1234 527 1287 Quicquid
548 1234 640 1288 plus
663 1247 791 1287 aequo
815 1235 877 1276 est
899 1234 1096 1283 futurum,
1130 1236 1171 1276 in
1192 1235 1336 1276 mitius
1358 1248 1475 1288 prae-

1052 1300 1260 1353 ponderet.
1513 1302 1599 1343 314
1633 1298 1706 1340 Go.

335 1363 533 1416 Quicquid
566 1363 644 1404 sibi
675 1364 905 1416 imperarit,
939 1365 1099 1405 animus
1132 1365 1300 1406 obtinet.
1553 1366 1608 1408 30
1639 1365 1707 1405 Ρε.

331 1427 435 1478 Quid
459 1428 520 1469 ῥεῖ
542 1428 858 1469 iusiurandum?
881 1428 1004 1469 alieni
1027 1428 1294 1482 emplastrum
1317 1430 1422 1470 aeris
1445 1430 1520 1470 est.

1526 1495 1605 1537 182
1639 1494 1706 1535 Ρε.

325 1556 432 1608 Quid
465 1569 588 1610 queas
620 1557 669 1597 ab
703 1557 778 1598 hoc
811 1570 987 1611 sperare,
1027 1571 1148 1611 quem
1183 1559 1269 1600 esse
1302 1558 1486 1600 docueris

1054 1623 1240 1664 malum?
1470 1618 1478 1624 ’
1515 1625 1599 1667 313
1633 1621 1707 1663 Go.

334 1686 440 1736 Quid
473 1686 644 1740 quisque
677 1688 829 1740 posset,
862 1687 944 1728 nisi
975 1688 1212 1741 temptando
1244 1689 1405 1729 nesciit.
1523 1690 1606 1732 315
1639 1689 1708 1728 Ρε.

334 1750 449 1801 Quod
481 1751 653 1803 nescias,
688 1750 879 1792 damnare
913 1765 1071 1793 summa
1105 1754 1167 1794 est
1199 1754 1422 1794 temeritas.
1523 1754 1604 1797 321
1639 1753 1708 1793 Ρε.

332 1814 448 1865 Quod
479 1815 542 1856 vis
574 1815 702 1864 sileri,
736 1816 926 1869 cuiquam
958 1816 1043 1858 noli
1075 1816 1222 1858 dicere.
1519 1818 1602 1860 319
1635 1817 1706 1862 Fa.

332 1880 448 1930 Quod
470 1880 571 1929 vult,
595 1881 730 1929 habet,
755 1882 823 1934 qui
845 1881 950 1922 velle
974 1881 1079 1934 quod
1102 1882 1202 1923 satis
1226 1882 1288 1923 ῥεῖ
1308 1883 1457 1935 potest.
1523 1884 1606 1926 322
1639 1883 1707 1922 Ps.

327 1944 434 1995 Quot
466 1945 586 1994 servi,
620 1945 793 1986 totidem
823 1945 966 1987 multis
1000 1948 1097 1987 sunt
1129 1947 1269 1988 hostes
1303 1946 1424 1988 domi.
1513 1948 1598 1990 293
1633 1946 1708 1997 Qu.

328 2009 552 2063 Rapienda,
586 2023 664 2051 non
697 2010 891 2063 capienda
923 2010 1072 2063 agendi
1105 2012 1262 2052 occasio
1296 2013 1368 2052 est.
1522 2012 1606 2054 ‘264
1639 2010 1709 2051 Gr.

325 2074 492 2115 Rationi
525 2076 565 2115 te
598 2074 788 2123 sufficias,
822 2075 858 2116 si
890 2076 1028 2116 omnia
1059 2075 1121 2116 vis
1154 2076 1243 2117 tibi.
1511 2077 1598 2120 270
1632 2075 1709 2126 Qu.

327 2138 447 2179 Recti
478 2139 680 2192 magister
711 2140 846 2180 metus
880 2141 943 2180 est
974 2140 1188 2181 infidelior.
1524 2142 1604 2184 ffl9
1638 2141 1707 2181 Ps.

328 2202 471 2244 Refert
501 2203 698 2245 bonorum
732 2204 927 2257 exemplis
958 2205 1092 2258 puniri
1125 2205 1342 2258 improbos.
1520 2207 1606 2249 324
1637 2206 1708 2246 Fa.

1558 2272 1603 2290 ΙἿ

328 2297 472 2339 Refert
503 2311 624 2352 quam
655 2299 770 2348 bene,
804 2310 884 2339 non
915 2298 1040 2340 refert
1073 2312 1195 2352 quam
1227 2300 1340 2340 vivas
1374 2271 1604 2378 dnh-{33¹1}
1637 2270 1708 2376 gil·

328 2398 442 2451 Rege
475 2398 585 2440 salvo
618 2412 698 2440 una
722 2399 784 2440 ῥεῖ
806 2411 921 2439 mens
953 2399 1153 2448 omnibus,
1188 2399 1336 2441 amisso
1369 2412 1484 2440 cassa

1056 2464 1118 2505 ῥεῖ
1138 2464 1252 2505 fides.
1517 2465 1601 2508 326
1635 2463 1709 2505 Go.

328 2527 436 2580 Regi
468 2529 664 2581 tyrannus
697 2529 740 2569 ]·ῥ
774 2528 912 2577 distat,
946 2541 1026 2570 non
1057 2530 1233 2570 nomine.
1516 2531 1598 2572 371
1634 2528 1708 2570 Go.

329 2584 513 2646 Regibus
547 2594 611 2634 est
643 2605 690 2634 ex
721 2593 1037 2634 mansuetudine
1070 2594 1219 2635 certior
1251 2594 1462 2634 securitas.
1517 2594 1600 2637 327
1634 2594 1708 2633 Ρ11.

327 2656 585 2710 Religiosum
608 2657 698 2699 odio
723 2658 785 2698 ῥεῖ
806 2658 988 2698 nocentis
1011 2657 1179 2710 perdere
1201 2658 1489 2699 innocentiam.
1525 2659 1608 2702 332
1642 2658 1707 2697 Er.

330 2721 535 2774 Reprimit
557 2735 779 2774 paucorum
805 2722 988 2762 omnium
1011 2721 1146 2763 odium
1168 2722 1350 2763 vindicta
1372 2722 1510 2763 irritat

1060 2786 1261 2840 frequens.
1519 2787 1600 2829 146
1634 2787 1708 2826 Ρη.
