1967 3090
878 171 925 175 —
994 148 1077 189 134
1140 172 1195 175 —

255 264 310 299 Cf.
336 263 493 298 Phaedr.
522 262 594 296 fab.
621 262 694 297 III.
723 263 817 307 prol.
843 263 900 298 47.
928 262 973 298 V.
1001 263 1094 306 prol.
1122 264 1153 298 7.
1172 262 1294 298 Bentl.
1322 261 1399 297 Nec
1425 273 1482 297 me
1509 262 1605 303 fugit.
1631 262 1814 297 conscien-

254 313 342 345 tiam
369 311 479 344 animi
505 310 663 344 mediam
689 322 797 354 quam
823 313 956 344 vocant
985 321 1109 344 vocem
1137 321 1224 347 esse.
1260 321 1330 353 qua
1357 312 1393 343 et
1417 309 1513 343 bona
1540 313 1575 343 et
1601 309 1697 343 mala
1721 309 1814 343 indi-

256 359 330 392 cari
357 358 483 402 possit,
510 361 547 391 ut
575 357 683 392 docet
701 357 775 393 Cio.
801 369 870 401 pro
888 357 966 392 Mil.
985 358 1058 394 23.:
1090 369 1222 402 magna
1241 357 1294 391 vis
1313 360 1369 391 est
1387 357 1638 397 conscientiae,
1666 356 1814 397 indices,

254 409 285 439 et
315 416 448 448 magna
474 405 511 438 in
536 408 727 448 utramque
754 408 906 449 partem,
942 407 982 439 ut
1008 417 1123 449 neque
1149 405 1312 446 timeant,
1346 404 1407 448 qui
1440 404 1531 438 nihil
1557 404 1815 445 commiserint,

254 456 289 486 et
314 464 468 496 poenam
494 463 638 496 semper
663 455 747 486 ante
775 452 900 486 oculos
926 454 1064 487 versari
1094 456 1234 497 putent,
1268 452 1329 495 qui
1355 451 1556 496 peccarint:
1594 452 1657 486 sed
1692 454 1815 485 tamen

253 504 336 533 utra
362 500 494 543 ubique
520 500 573 534 vis
601 502 637 533 et
662 502 824 543 potestas
852 500 908 541 sit,
935 512 979 534 cx
1006 501 1083 544 ipsa
1111 501 1372 535 sententiarum
1398 510 1439 533 ae
1457 499 1651 533 verborum
1668 498 1815 532 notione

254 548 349 581 solet
375 546 586 592 significari.
638 547 690 581 Ut
704 546 896 582 Phaedrus
924 548 1000 592 ipse
1026 548 1076 583 II.
1104 548 1188 592 epil.
1209 549 1262 582 11.
1283 547 1373 581 dixit
1401 546 1660 581 conscientiam
1685 545 1814 586 laudis,

258 595 308 628 ita
326 594 465 628 Seneca
492 595 536 628 de
562 597 680 637 tranq.
709 595 817 630 anim.
845 594 917 628 ΙΙΙ.
945 596 976 630 4.
1004 595 1135 629 bonam
1154 594 1425 629 conscientiam.
1476 593 1573 637 Quid
1591 593 1690 637 quod
1707 593 1816 627 etiam

255 642 358 676 Caec.
387 642 495 676 Balbi
520 641 601 681 loci,
628 653 737 685 quem
764 642 941 686 scriptum
972 643 1138 677 videmus
1175 655 1209 686 p.
1242 643 1296 677 39.
1323 641 1407 677 Par.
1437 642 1491 676 17.
1526 643 1699 684 „superat
1732 651 1815 674 con-

255 690 417 731 scientia,
452 689 624 733 quicquid
651 689 738 723 mali
773 696 853 728 (scr.
881 690 989 725 mala)
1021 689 1239 725 confinxerit
1272 690 1419 733 lingua“
1454 688 1562 723 facile
1597 687 1815 721 sententiam

253 748 498 780 assequemur,
526 748 607 770 cum
634 737 732 770 viam
757 737 861 771 nobis
879 740 1058 771 monstret
1086 737 1213 782 lingua
1238 737 1343 777 mala,
1371 736 1429 770 cui
1449 736 1655 780 oppositam
1672 735 1815 769 intelle-

251 796 379 828 gemus
413 783 674 818 conscientiam
701 784 844 818 bonam.
896 784 948 819 Cf.
980 784 1084 819 Caec.
1112 784 1216 820 Balb.
1252 783 1353 819 Sent.
1384 784 1460 819 180.
1512 782 1614 827 Quae
1649 794 1730 817 cum
1764 782 1816 815 ita

251 832 336 872 sint,
363 832 400 865 in
427 831 608 875 scriptura
626 831 804 865 nullius
824 832 938 866 latere
957 833 1124 866 nimias
1150 832 1305 866 videtur.
1341 831 1448 866 Unde
1466 831 1556 864 haec
1575 830 1719 864 exsistit
1736 840 1815 863 sen-

251 879 386 914 tentia:
438 879 509 921 Qui
535 879 681 913 sceleris
708 878 767 913 vel
792 878 963 914 facinoris
990 879 1060 913 sibi
1086 880 1251 914 conscius
1278 879 1424 923 culpam
1450 877 1656 918 confitetur,
1688 877 1814 910 immo-

252 926 352 960 dicas
391 926 584 969 pluresque
624 938 733 970 quam
771 938 859 970 quas
898 927 1030 971 probes
1069 930 1130 961 aut
1165 927 1311 968 audias,
1350 926 1512 960 invenire
1550 924 1644 959 solet
1677 935 1814 968 preces,

250 973 380 1017 quibus
413 974 560 1017 culpam
593 976 655 1007 aut
688 974 909 1018 deprecetur
943 978 1005 1008 aut
1040 978 1198 1009 excuset.
1251 973 1305 1009 Cf.
1341 974 1442 1008 Curt.
1477 972 1544 1007 VI.
1581 972 1634 1012 10,
1673 973 1703 1006 1.
1737 973 1815 1005 tum

249 1020 429 1062 Philotas,
464 1020 587 1063 verba,
624 1021 751 1065 inquit,
788 1022 972 1056 innocenti
1003 1023 1164 1066 reperire
1197 1021 1306 1056 facile
1342 1024 1404 1062 est,
1440 1021 1588 1055 modum
1621 1019 1816 1053 verborum

250 1068 383 1102 misero
409 1071 537 1102 tenere
565 1068 728 1105 difficile.

345 1117 399 1150 17.
427 1115 535 1156 „Non
561 1119 615 1150 est
642 1117 812 1150 diuturna
838 1116 1015 1150 malorum
1041 1117 1222 1151 felicitas“
1249 1115 1436 1150 Erasmus.

346 1164 399 1197 js.
426 1163 600 1197 Erasmus
627 1164 775 1207 quidem
801 1175 903 1197 suam
929 1164 1149 1208 scripturam
1184 1165 1235 1197 ita
1274 1164 1557 1206 interpretatur:
1610 1160 1733 1195 Satius
1761 1162 1815 1194 est

248 1211 433 1244 contemni
459 1210 504 1244 ob
531 1211 717 1253 virtutem,
745 1223 853 1255 quam
879 1211 1033 1245 stultum
1058 1211 1146 1255 quid
1178 1222 1297 1255 agere.
1347 1210 1403 1244 De
1422 1222 1491 1253 qua
1510 1208 1815 1252 interpretatione

248 1257 333 1291 vide
360 1257 569 1303 Swedberg.
598 1259 645 1292 ad
671 1257 776 1292 Publ.
805 1270 837 1293 v.
867 1259 944 1293 129.
995 1258 1089 1292 Mihi
1116 1258 1263 1302 quidem
1290 1259 1399 1301 poeta
1424 1257 1517 1290 nihil
1544 1256 1643 1290 aliud
1669 1255 1816 1290 videtur

247 1305 369 1339 dicere
401 1305 558 1339 voluisse
593 1306 663 1339 nisi
697 1306 881 1340 contemni
914 1306 1061 1350 gravius
1095 1317 1173 1339 esse
1208 1317 1317 1349 quam
1349 1304 1535 1348 vapulare.
1586 1302 1704 1347 Quam
1736 1313 1815 1336 sen-

247 1353 402 1386 tentiam
429 1365 511 1386 cum
536 1352 709 1386 librarius
743 1353 865 1386 nescio
892 1353 970 1396 quis
1002 1353 1057 1386 illi
1092 1352 1316 1386 simillimam
1348 1363 1425 1386 esse
1450 1351 1688 1392 meminisset,
1723 1353 1814 1393 quae

246 1400 285 1433 in
310 1398 516 1433 Salomonis
541 1400 743 1444 proverbiis
760 1399 890 1435 XVII.
911 1401 965 1435 10.
993 1401 1131 1444 scripta
1162 1403 1274 1434 esset:
1301 1402 1363 1433 aut
1380 1399 1418 1433 in
1434 1399 1601 1442 margine
1619 1397 1815 1441 adscripsit

249 1450 310 1480 aut
338 1448 541 1491 scripturae
568 1458 693 1481 sacrae
721 1448 801 1481 loco
828 1447 961 1481 abusus
988 1448 1237 1492 interpolavit.
1286 1447 1381 1481 Nam
1415 1458 1460 1480 ne
1496 1448 1643 1490 po'e'tam
1678 1445 1813 1478 dixisse

247 1495 437 1529 credamus
464 1496 649 1529 contemni
675 1495 832 1539 sapienti
864 1496 1015 1539 gravius
1050 1507 1137 1537 esse,
1173 1507 1281 1538 quam
1314 1495 1428 1538 virgis
1462 1493 1615 1537 percuti,
1651 1492 1813 1535 vulgaris

246 1542 378 1576 aetatis
404 1542 502 1576 illius
529 1542 574 1576 de
601 1543 776 1586 sapientis
803 1543 964 1576 moribus
992 1543 1114 1587 opinio
1141 1543 1274 1583 obstat,
1311 1554 1393 1576 cum
1418 1552 1501 1575 vere
1528 1541 1672 1584 sapiens
1698 1539 1813 1573 homi-

246 1592 333 1623 num
368 1592 594 1623 contemtum
627 1590 721 1624 nihil
746 1590 950 1624 timendum
984 1602 1061 1625 esse
1094 1593 1269 1624 censeret.
1321 1589 1376 1625 Cf.
1404 1588 1486 1623 Sen.
1521 1599 1576 1632 ep.
1610 1586 1660 1621 II.
1689 1588 1710 1621 2
1737 1586 1814 1631 (14)

247 1638 304 1671 11.
330 1637 420 1671 haec
453 1637 712 1682 (philosophia)
747 1638 869 1681 quieta
904 1640 937 1671 et
974 1638 1029 1671 sui
1054 1638 1195 1683 negotii
1230 1637 1414 1671 contemni
1445 1647 1517 1670 non
1544 1637 1676 1680 potest.
1703 1632 1814 1669 VIII.

250 1685 271 1719 2
289 1684 368 1729 (71)
386 1685 417 1719 7.
438 1685 467 1718 si
493 1685 559 1725 vis,
587 1685 716 1728 inquit,
744 1685 873 1719 beatus
892 1696 980 1725 esse,
1008 1686 1038 1719 si
1063 1685 1134 1718 fide
1152 1685 1248 1719 bona
1273 1685 1330 1718 vir
1354 1685 1480 1724 bonus.
1509 1683 1586 1717 sine
1605 1684 1814 1716 contemnat

246 1734 283 1765 te
326 1732 468 1775 aliquis.
503 1731 653 1766 XVIII.
687 1734 707 1767 2
740 1733 834 1772 1105)
872 1734 902 1768 1.
938 1744 981 1766 ex
1023 1732 1189 1766 omnibus
1240 1732 1319 1765 istis
1362 1731 1451 1765 adeo
1494 1730 1719 1764 levissimum
1759 1731 1814 1762 est

247 1782 489 1823 contemptus.
539 1779 648 1815 Prov.
676 1781 731 1815 97.
760 1779 861 1815 Sent.
897 1779 990 1813 falso
1025 1780 1121 1814 inter
1146 1779 1251 1814 Publ.
1279 1782 1414 1822 recept.
1441 1778 1522 1813 244.
1574 1776 1647 1811 Sed
1682 1779 1721 1809 ut
1754 1775 1812 1809 hic

245 1827 348 1860 nulla
367 1827 602 1870 sapientis
625 1827 764 1861 mentio
791 1839 869 1861 esse
886 1828 1059 1871 potuerit,
1077 1838 1122 1861 ne
1142 1827 1322 1860 stultus
1342 1826 1489 1870 quidem
1507 1825 1627 1858 locum
1646 1824 1813 1857 obtinere

246 1876 380 1917 potest.
431 1874 556 1917 Neque
592 1875 688 1908 enim
712 1874 840 1908 dubito
866 1875 952 1918 quin
984 1875 1141 1916 stulte,
1182 1874 1279 1917 quod
1305 1874 1342 1907 in
1368 1873 1493 1907 codice
1519 1871 1713 1906 Basiliensi
1745 1873 1813 1908 est,

246 1924 460 1965 corruptum
479 1922 526 1955 sit
545 1933 588 1955 ex
606 1921 654 1955 fu
670 1925 740 1956 ste
766 1925 826 1955 aut
855 1922 974 1956 susti
1002 1922 1059 1959 (cf.
1078 1921 1197 1957 Plaut.
1217 1921 1321 1955 Asin.
1340 1920 1392 1955 [I.
1418 1921 1450 1961 4,
1478 1921 1533 1954 21.
1553 1931 1634 1953 cum
1652 1918 1741 1952 fusti
1759 1920 1811 1951 est

247 1969 518 2003 ambulandum.
569 1968 673 2012 Capt.
692 1969 760 2004 IV.
788 1970 819 2010 2,
849 1971 926 2004 115.
954 1969 1041 2003 fusti
1068 1969 1230 2013 plectito,
1258 1969 1321 2002 ubi
1347 1967 1604 2001 Taubmannus
1631 1965 1721 2000 fusti
1746 1976 1812 2008 pro

245 2015 342 2050 fuste
369 2017 441 2051 vid.
469 2016 581 2061 Leop.
611 2016 827 2050 Schneideri
869 2016 1130 2051 Formenlehre
1167 2017 1200 2050 d.
1227 2017 1291 2051 lat.
1319 2014 1479 2059 Sprache
1506 2014 1603 2048 Berl.
1640 2013 1741 2048 1819.
1776 2024 1811 2056 p.

245 2064 339 2103 229).
389 2063 514 2097 Licuit
547 2064 606 2097 hic
640 2065 838 2098 subsistere
873 2067 982 2108 atque
1016 2075 1162 2098 versum
1194 2065 1246 2097 ita
1278 2074 1471 2107 reponere:
1511 2074 1539 2095 c.
1573 2061 1720 2105 gravius
1755 2062 1808 2093 est

244 2122 353 2154 quam
380 2111 468 2144 fusti
485 2112 636 2155 percuti,
664 2112 735 2145 nisi
753 2114 789 2145 et
806 2124 838 2145 v.
867 2116 938 2145 est
956 2111 1029 2145 arsi
1055 2112 1152 2146 elata
1177 2115 1214 2145 et
1240 2110 1449 2154 corruptela
1478 2108 1724 2143 stultitiae
1750 2106 1809 2141 vel

245 2158 467 2192 stultitia
494 2159 738 2203 suspicionem
762 2162 937 2194 moveret.
974 2158 1068 2193 Nam
1096 2170 1138 2193 ea
1164 2157 1457 2202 interpolationis
1484 2156 1579 2190 ratio
1606 2167 1688 2189 cum
1714 2154 1811 2198 apud

244 2204 445 2239 Publilium
466 2207 707 2240 usitatissima
727 2207 790 2248 sit,
805 2209 845 2240 ut
859 2206 970 2240 verba
992 2218 1036 2240 ex
1058 2206 1298 2250 grammatica
1313 2208 1519 2239 structurae
1533 2203 1675 2237 ratione
1691 2205 1810 2236 trans-

243 2253 365 2295 posita
379 2253 451 2287 sint
473 2253 738 2297 verborumque
755 2254 844 2287 ordo
868 2254 904 2287 in
930 2254 999 2288 hoc
1025 2265 1133 2288 versu
1160 2254 1189 2287 is
1215 2252 1325 2286 fuerit
1346 2255 1386 2286 ut
1412 2252 1464 2285 ita
1487 2262 1565 2285 sese
1581 2250 1809 2294 exciperent:

244 2299 456 2334 fustibus
492 2313 621 2344 quam
651 2302 858 2344 percuti:
894 2301 1033 2335 factum
1059 2304 1124 2342 est,
1160 2303 1198 2334 ut
1225 2300 1382 2344 primum
1414 2299 1651 2333 scriberetur:
1680 2307 1808 2340 quam

245 2346 456 2381 fustibus
483 2349 683 2391 perc-uti.
720 2351 805 2392 post
830 2360 897 2392 pro
923 2348 1133 2382 fustibus
1167 2350 1371 2381 mutaretur
1404 2347 1442 2380 in
1468 2345 1721 2379 stultitiae
1754 2347 1810 2378 vel

245 2405 261 2427 s
270 2397 286 2428 t
296 2406 318 2428 u
328 2395 340 2427 l
351 2397 365 2428 t
376 2395 412 2428 it
422 2395 433 2428 i
444 2407 474 2428 a.
489 2395 573 2429 Dici
584 2396 730 2439 quidem
740 2396 844 2437 solet,
854 2407 933 2429 cum
945 2395 1165 2429 fustuarium
1176 2395 1394 2439 supplicium
1405 2394 1564 2427 militare
1575 2391 1809 2437 significetur,

245 2442 423 2487 singulari
443 2454 593 2477 numero
612 2443 708 2477 fuste
727 2443 785 2476 vel
799 2442 888 2476 fusti
903 2446 1095 2487 percutere
1122 2442 1180 2479 (cf.
1199 2441 1350 2476 Petron.
1370 2440 1447 2475 Sat.
1466 2442 1542 2480 Tm:
1571 2439 1634 2474 sed
1652 2441 1809 2483 poetam,

246 2500 328 2522 cum
356 2489 401 2522 de
429 2490 556 2533 quovis
584 2490 801 2524 verberandi
828 2491 936 2524 modo
963 2491 1113 2531 diceret,
1147 2501 1187 2524 eo
1223 2489 1370 2524 dicendi
1398 2499 1532 2533 genere
1559 2487 1604 2521 de
1629 2485 1808 2520 industria

247 2536 469 2570 abstinuisse
503 2537 731 2571 crediderim.
785 2537 913 2581 Neque
948 2549 1050 2571 rarus
1085 2537 1226 2571 numeri
1258 2536 1410 2580 pluralis
1446 2546 1530 2569 usus
1566 2536 1620 2568 est
1647 2533 1693 2567 cf.
1733 2532 1807 2568 Cic.

244 2583 351 2617 Verr.
386 2583 454 2619 IV.
488 2585 543 2626 43,
579 2585 634 2620 114.
668 2585 763 2619 male
798 2585 949 2619 mulcati
984 2585 1095 2619 clavis
1134 2596 1175 2618 ac
1208 2584 1363 2617 fustibus
1393 2582 1632 2626 repelluntur.
1684 2579 1807 2624 Quint.

243 2630 313 2665 IX.
342 2634 372 2671 2,
402 2632 455 2667 12.
492 2643 538 2665 an
565 2632 609 2666 ab
644 2643 706 2665 reo
734 2632 890 2666 fustibus
916 2633 1138 2676 vapulasset.
1189 2631 1376 2675 Lamprid.
1403 2630 1510 2664 Alex.
1538 2628 1620 2662 Sev.
1657 2629 1710 2662 51.
1747 2629 1807 2660 aut

244 2677 402 2711 fustibus
429 2679 677 2713 subiciebatur
703 2679 741 2712 in
770 2682 968 2724 conspectu
995 2680 1070 2713 eius
1098 2682 1158 2713 aut
1184 2679 1308 2723 virgis
1359 2677 1415 2712 De
1442 2676 1624 2711 sententia
1649 2674 1694 2709 cf.
1723 2674 1806 2709 Sen.

244 2725 292 2758 ad
318 2724 429 2761 Helv.
457 2726 502 2760 de
530 2726 665 2761 consol.
692 2726 803 2760 XIII.
832 2727 863 2762 9.
892 2726 975 2760 Scio
1014 2727 1192 2770 quosdam
1222 2725 1343 2760 dicere
1369 2726 1583 2767 contemptu
1612 2722 1705 2756 nihil
1731 2732 1808 2756 esse

242 2772 401 2815 gravius
454 2773 578 2818 Quint.
607 2773 675 2809 VI.
704 2774 736 2816 2,
764 2774 818 2809 23.
852 2777 889 2808 ut
922 2786 1004 2808 cum
1030 2774 1068 2808 in
1092 2773 1288 2808 maledicto
1324 2772 1405 2817 plus
1438 2771 1602 2810 iniuriae,
1636 2780 1746 2813 quam
1770 2769 1809 2802 in
