1967 3090
802 169 853 173 -
917 145 999 187 301
1068 169 1119 173 -

276 260 355 294 383.
384 258 466 294 Sen.
495 259 539 293 de
565 259 669 293 clem.
697 257 748 292 II.
777 259 807 298 7,
838 259 867 292 1.
895 258 926 294 3.

276 306 356 340 384.
385 305 487 340 Caec.
514 305 620 340 Balb.
648 317 682 349 p.
709 305 764 341 34.
792 304 892 340 Mon.
919 303 1102 339 XLVIII.
1131 308 1150 340 3
1176 304 1292 343 (Sent.
1322 306 1418 351 194).
1446 306 1504 341 Ri.
1532 318 1564 340 v,
1592 307 1670 342 267.

277 353 354 388 385.
382 352 535 394 „Simile
561 352 615 386 illi
641 351 863 386 Horatiano:
891 351 1019 386 Virtus
1046 352 1196 397 indigno
1224 364 1296 386 non
1321 354 1581 388 committenda
1607 356 1736 398 poe'tae

178 398 288 439 (Hor.
315 399 382 444 Ep.
409 398 460 434 II.
491 401 518 441 1,
545 399 641 444 231).
676 398 895 444 Magnorum
926 399 1090 432 virorum
1124 399 1248 433 laudes
1282 410 1355 433 non
1381 400 1601 435 deterendae
1628 400 1737 444 culpa

182 446 328 490 ingenii,
356 450 394 480 ut
420 445 517 480 idem
542 445 652 490 pffie’ta
678 445 838 490 loquitur
863 444 971 488 (Hor.
1000 444 1120 479 Carm.
1147 445 1177 480 Ι.
1205 450 1234 481 ὅ,
1264 447 1457 492 10—12.)²‘
1484 446 1592 482 Fabr.
1611 458 1629 481 e
1649 458 1735 490 quo-

180 493 265 527 dam
296 493 562 537 manuscripto,
604 493 641 527 in
667 492 764 537 quod
785 495 890 527 erant
923 495 1117 536 congestae
1151 493 1272 527 variae
1306 493 1488 527 variorum
1522 494 1735 528 sententiae.

180 538 411 575 Trochaicus.
440 539 495 575 Cf.
522 539 612 575 Zell.
639 552 674 584 p.
701 540 757 575 83.
785 551 816 574 v,
844 539 922 574 367.
949 541 984 573 et
1011 538 1212 574 Kremsier.
1239 551 1272 583 p.
1294 540 1348 574 62.
1368 551 1399 574 v,
1420 541 1498 575 666.
1525 540 1584 576 Ri.
1602 552 1635 576 v.
1655 541 1733 576 320.

278 586 358 623 386.
387 585 471 623 Sen.
499 587 544 622 de
570 587 673 622 clem.
699 585 729 621 1.
759 586 813 627 1‘2,
841 587 872 621 5.
900 585 1125 620 extundit.
1185 586 1252 621 (io.
1279 585 1366 621 Pn.:
1394 588 1584 623 excutit.

276 633 356 669 387.
383 632 465 669 Seu.
493 633 538 668 de
563 633 707 678 provid.
733 632 800 667 IV.
830 633 883 668 12.
911 631 965 667 Cf.
993 631 1076 668 Sen.
1104 631 1214 668 Herc.
1242 632 1325 668 Fur.
1353 633 1432 669 436.

274 680 354 716 388.
382 679 466 716 Sen.
494 691 550 724 ep.
578 679 608 714 Ι.
637 681 667 721 1,
697 681 726 714 1.
1493 721 1499 727 ,

273 726 352 763 389.
380 726 558 762 Gruterus
586 737 605 761 e
631 726 710 761 cod.
738 725 917 761 Palatino.
945 725 1030 761 Seu.
1057 725 1101 760 de
1127 726 1268 770 provid.
1296 725 1363 762 VI.
1391 727 1422 761 7.

272 773 351 809 390.
379 773 461 809 Sen.
489 774 534 809 de
561 774 602 809 ir.
630 773 682 809 H.
710 773 764 814 20,
793 774 824 809 3.
