1967 3090
776 163 832 167 -
895 139 978 180 211
1043 161 1098 165 —

253 257 347 290 sseb—
385 255 611 290 Adolescens
639 255 669 288 si
695 255 760 300 [te]
778 254 923 289 feminis
942 252 1190 292 adornaveris,
1218 252 1387 285 iniuriam
1414 250 1535 286 facere
1561 250 1711 297 cogitas,

155 304 187 338 si
213 303 300 337 viris
328 303 572 342 adornaveris,
601 302 777 346 accipere.

252 349 331 385 Om.
358 349 429 385 Ha.

255 398 350 432 1190.
379 395 462 430 Non
487 399 540 431 est
567 395 664 439 quod
690 395 891 429 insolenter
909 393 1124 428 felicitatem
1147 391 1308 433 fatearis,
1329 393 1353 436 †
1381 392 1478 436 quod
1495 403 1569 427 non
1586 391 1715 427 fuisset

155 444 222 479 tibi
250 444 488 487 insperatum.

250 490 329 526 Om.
356 490 428 524 Ha.
455 490 508 524 Cf.
536 489 737 524 lvoelffiin.
763 489 858 523 Phil.
885 487 954 522 IX.
981 499 1015 531 p.
1043 487 1121 522 633.

253 538 329 573 120.
366 536 504 582 Turpia
530 549 575 572 ne
601 536 755 578 dixeris;
796 535 975 580 paulatim
1009 534 1106 568 enim
1131 533 1249 578 pudor
1274 545 1396 568 rerum
1423 544 1487 578 per
1513 532 1623 568 verba
1649 532 1709 567 de-

154 585 320 620 discitur.

251 631 446 666 discutitur
471 630 542 665 Ha.
570 630 628 664 Ri.
655 642 687 666 v.
719 630 800 664 123:
827 628 898 663 Per
924 628 1107 672 impudica
1133 629 1232 662 dicta
1257 627 1376 671 pudor
1403 627 1592 662 amittitur.

253 679 332 713 121.
360 678 421 713 Sic
447 678 583 718 habita,
612 680 651 711 ut
676 678 796 721 potius
823 676 993 710 laudetur
1018 675 1187 709 dominus
1214 686 1321 718 quam
1349 674 1488 709 domus.

253 725 466 770 Comparari
491 724 591 758 iubet
609 724 855 758 Woelfflinus.
882 723 956 758 oie.
984 722 1042 756 off.
1071 721 1099 756 Ι.
1127 722 1182 762 39.
1203 722 1288 756 139ε
1316 732 1382 755 nec
1409 720 1516 755 domo
1536 721 1715 763 dominus,

159 773 226 808 sed
252 773 400 807 domino
427 772 554 806 domus
581 770 807 805 honestanda
840 774 905 805 est.
932 769 1080 804 Martin¹
1109 768 1217 803 Dum.
1245 768 1350 803 form.
1385 767 1468 802 hon.
1496 769 1560 801 vit.
1587 767 1656 803 [V.
1684 770 1715 805 5.

157 822 210 864 (Ρ.
239 820 268 860 7.
300 821 329 854 1.
356 819 599 862 WVeideneroe
633 816 672 852 Si
698 817 944 852 continentiae
971 817 1105 857 studes,
1132 816 1259 850 habita
1284 827 1358 849 non
1384 826 1546 856 amoena⁷
1574 815 1638 849 sed
1664 827 1718 850 sa-

160 866 317 901 lubriter
350 878 416 901 nec
443 866 630 900 dominum
656 868 781 899 notum
808 864 898 899 velis
924 876 944 898 a
970 864 1088 905 domo⁷
1124 863 1188 897 sed
1214 863 1363 897 domum
1389 873 1409 895 a
1436 861 1616 896 domino.“
1662 862 1717 897 Cf.

160 913 365 949 Woelfflin.
391 912 489 947 Phil.
515 911 583 946 IX.
611 924 646 956 p.
675 912 753 947 683.

259 961 337 996 122.
366 959 695 994 consuetudinaria
729 970 785 993 res
819 962 872 993 est
908 957 1137 992 innocentia:
1176 957 1291 991 invita
1318 956 1363 990 ab
1390 967 1431 991 eo
1459 956 1607 997 recedity
1637 967 1720 991 cum

156 1018 228 1051 quo
254 1007 316 1041 diu
342 1007 423 1041 fuit.

252 1054 366 1088 invita
394 1082 400 1089 .
429 1081 436 1088 .
463 1081 471 1089 .
499 1054 567 1087 fuit
593 1065 662 1089 om.
690 1053 761 1087 Ha.
789 1052 841 1088 Cf.
868 1051 1071 1087 Woelfflin.
1098 1051 1192 1085 Phil.
1219 1050 1288 1086 IX.
1315 1063 1349 1095 p.
1378 1052 1457 1086 ΰὸὂ.

256 1102 332 1136 123.
358 1100 444 1135 Non
469 1101 664 1141 damnatio,
694 1101 757 1135 sed
783 1111 891 1134 causa
916 1099 1102 1133 hominem
1128 1102 1273 1142 turpem
1300 1098 1400 1133 facit.

255 1149 333 1183 124.
368 1148 502 1183 Merito
537 1148 634 1181 enim
668 1147 832 1181 damnati
858 1157 976 1191 poena
1003 1149 1056 1180 est
1083 1145 1279 1186 damnatio,
1308 1145 1490 1179 immerito
1517 1145 1718 1179 calamitas.

253 1195 302 1231 M.
329 1195 493 1229 damnari
511 1206 629 1239 poena
647 1195 681 1230 d.
701 1198 766 1236 est,
795 1194 981 1228 damnatio
1000 1193 1184 1227 immerita
1202 1192 1408 1226 damnantis
1437 1196 1491 1226 est
1518 1192 1719 1227 calamitas.

158 1242 229 1277 Ha.
257 1242 317 1279 Ri.
344 1254 376 1277 V.
403 1243 490 1277 20T:
518 1241 697 1276 Merentis
723 1253 841 1286 poena
868 1245 932 1282 est,
961 1240 1183 1274 immerentis
1211 1240 1411 1274 calamitas.

256 1290 334 1325 125.
361 1289 401 1323 Si
426 1289 565 1333 aliquid
592 1289 822 1334 cogitaveris.
851 1289 922 1322 cito
949 1287 1143 1332 apparebit
1170 1286 1482 1321 conversantibus.

256 1336 297 1371 Si
323 1336 410 1370 mali
436 1336 524 1379 quid
549 1335 732 1370 Halmius.

256 1385 334 1419 126.
365 1383 492 1418 Videri
518 1384 570 1417 vis
606 1383 651 1417 ab
686 1382 892 1417 hominibus
927 1394 974 1416 an
1007 1380 1104 1415 non?
1145 1379 1337 1424 Nunquam
1373 1380 1490 1414 bonae
1515 1379 1719 1413 honestatis

160 1431 269 1476 longa
296 1431 478 1465 simulatio
506 1434 571 1465 est.

256 1477 301 1511 ab
335 1477 502 1512 omnibus
529 1477 548 1496 ²
580 1489 763 1521 nunquam
798 1477 832 1512 b.
860 1476 895 1510 11.
930 1476 1114 1510 simulatio
1141 1475 1254 1521 longa
1280 1478 1344 1509 est.
1381 1473 1451 1508 Ha.
1479 1473 1720 1517 Demophilus

160 1536 219 1569 ap.
245 1525 306 1560 ΟΓ.
332 1536 456 1569 opusc.
484 1528 573 1559 sent.
596 1526 624 1567 1,
644 1525 707 1559 40:
734 1524 811 1556 ἴσθι
837 1522 883 1558 [ὃς
909 1521 1053 1565 οὐδεμία
1081 1526 1311 1567 προςῖῐοίιῑοιε
1337 1520 1465 1562 πολλῷ
1492 1522 1611 1566 χρόνῳ
1638 1519 1719 1552 λαν-

162 1572 279 1607 θάνει.
315 1572 367 1606 Cf.
397 1571 494 1606 Sent.
522 1571 614 1606 falso
641 1571 737 1606 inter
762 1570 867 1605 Publ.
894 1574 1030 1614 recept.
1059 1570 1138 1605 356.

260 1620 336 1654 12ῖ.
363 1618 471 1662 Quod
496 1619 540 1653 de
566 1619 694 1653 alienis
721 1618 903 1652 mentibus
929 1622 1078 1657 tractas,
1107 1628 1151 1651 ex
1176 1619 1241 1650 tua
1267 1615 1415 1650 iudices

257 1667 439 1700 mentibus
468 1678 536 1701 om.
564 1666 636 1701 Ha.

260 1713 335 1748 123.
365 1712 475 1747 Multi
501 1718 583 1747 sunt
609 1713 810 1758 obligandi,
839 1712 945 1756 pauci
964 1716 1046 1746 sunt
1066 1710 1293 1746 offendendi:
1322 1721 1405 1744 nam
1422 1709 1596 1744 memoria
1614 1709 1720 1743 bene-

162 1760 329 1795 ficiorum
354 1760 496 1805 fragilis
523 1764 588 1801 est,
615 1760 828 1794 iniuriarum
854 1763 975 1793 tenax.

259 1807 451 1853 fragilis
487 1819 554 1851 pro
588 1807 764 1848 facilis⁷
800 1807 897 1850 quod
930 1806 1017 1840 libri
1051 1806 1196 1845 habent.
1234 1805 1381 1848 scripsit
1409 1803 1644 1838 Woelfl'linus
1679 1814 1723 1836 ex

164 1854 271 1889 Vinc.
297 1853 340 1889 B.
380 1855 412 1890 4.
446 1855 501 1889 54.
543 1856 620 1890 135.
654 1859 689 1888 et
725 1854 804 1889 cod.
839 1853 946 1889 Sorb.
994 1852 1048 1887 Cf.
1077 1852 1172 1888 Phil.
1200 1851 1311 1886 VIII.
1347 1864 1381 1896 p.
1410 1851 1488 1886 186.
1523 1850 1629 1885 Prov.
1665 1849 1722 1885 84.

160 1901 220 1936 Ri.
248 1913 280 1936 V.
307 1902 368 1936 84:
396 1901 576 1936 Memoria
602 1902 852 1935 iniuriarumst
878 1900 1058 1945 imprimis
1086 1904 1207 1934 tenax,
1237 1898 1352 1942 „Xen.
1379 1898 1500 1933 Anab.
1529 1897 1574 1932 V.
1602 1897 1633 1938 ὅ,
1661 1897 1716 1932 26.

162 1948 262 1991 ἥδιον
289 1962 364 1981 των
382 1948 540 1992 ἀγαθῶν
565 1947 706 1992 μᾶλλον
733 1948 751 1990 ἢ
779 1949 855 1980 τῶν
882 1948 1003 1979 κακῶν
1029 1946 1249 1990 μεμνῆσθαι.
1276 1946 1356 1980 Liv.
1385 1945 1492 1981 VIII.
1521 1946 1552 1986 2,
1573 1945 1603 1979 7.
1638 1943 1722 1979 Seu.

163 1996 209 2031 de
225 1995 346 2030 benef.
365 1995 396 2031 I.
425 1998 453 2036 1,
481 1996 535 2031 8.“
567 1996 648 2030 Wo.
677 1995 730 2030 Of.
759 1994 963 2029 Woelfflin.
990 1993 1085 2029 Phil.
1112 1993 1181 2028 IX.
1209 2005 1243 2037 p.
1272 1992 1350 2027 683.

262 2044 340 2079 129.
369 2042 628 2087 Obiurgationi
661 2053 805 2086 semper
838 2041 977 2084 aliquid
1002 2041 1129 2075 blandi
1155 2040 1331 2074 admisce:
1367 2039 1511 2073 facilius
1539 2039 1635 2073 enim
1660 2049 1722 2082 pe-

165 2092 311 2124 netrant
336 2090 446 2124 verba
473 2101 564 2133 quae
590 2090 693 2123 molli
719 2089 856 2122 vadunt
883 2089 941 2122 via
966 2099 1076 2132 quam
1102 2087 1225 2133 [quae]
1253 2097 1401 2131 aspera:
1428 2096 1534 2120 nemo
1561 2086 1658 2120 enim
1685 2096 1722 2119 se

163 2139 291 2176 mutat,
319 2137 379 2180 qui
405 2137 541 2170 mutari
567 2148 604 2171 se
630 2136 811 2180 desperet.

260 2183 430 2228 desperat
455 2183 528 2218 Ha.
547 2182 655 2218 Prov.
685 2183 739 2218 30.
766 2182 824 2217 Ri.
851 2194 884 2216 v.
911 2182 975 2217 30:
1011 2180 1282 2226 Obiurigationi
1308 2180 1483 2214 blandum
1512 2179 1722 2215 admisceas.

164 2230 219 2266 Cf.
246 2229 426 2265 Ribbeck.
455 2230 591 2266 Coroll.
618 2242 652 2274 p.
680 2229 838 2265 XCVII.
867 2228 1069 2264 Woelfflin.
1096 2228 1191 2264 Phil.
1218 2227 1287 2263 IX.
1314 2239 1349 2272 p.
1376 2227 1455 2262 683.

261 2278 341 2313 130.
369 2277 521 2321 Quoties
549 2278 677 2312 scribis
704 2277 843 2321 aliquid
870 2276 997 2322 [quod]
1026 2275 1190 2310 editurus
1215 2287 1263 2317 eS,
1292 2275 1383 2309 scito
1411 2285 1553 2308 morum
1578 2276 1725 2308 tuorum

166 2327 202 2359 te
227 2324 434 2359 hominibus
462 2324 749 2370 chirographum
762 2331 765 2335 ’
776 2324 872 2359 dare.

263 2371 440 2416 Quotiens
468 2371 604 2406 scribes
630 2370 702 2407 Ha.
729 2370 1020 2415 chirographum
1046 2370 1219 2414 intellege
1246 2369 1498 2403 testimonium
1522 2369 1586 2402 tua
1611 2368 1724 2412 ipsius

166 2430 275 2453 manu
301 2419 477 2463 scriptum
503 2419 549 2454 cf.
576 2418 655 2454 Iuv.
682 2417 794 2454 XHI.
822 2418 901 2453 137.
931 2417 1130 2452 Woelfflin.
1156 2416 1252 2452 Phil.
1280 2416 1349 2450 IX.
1376 2427 1411 2460 p.
1440 2416 1518 2451 663.

262 2466 340 2502 131.
371 2466 442 2510 Qui
467 2467 506 2500 in
532 2477 654 2500 servos
680 2465 849 2500 irascitur
875 2468 909 2499 et
929 2464 1087 2499 crudelis
1113 2467 1178 2505 est,
1207 2463 1294 2498 satis
1315 2463 1477 2497 ostendit
1502 2465 1726 2507 potestatem

167 2513 340 2547 adversus
367 2514 459 2547 alios
486 2513 557 2548 sibi
583 2512 752 2553 defuisse,
780 2524 853 2546 non
878 2512 1116 2547 voluntatem.

266 2559 440 2594 adversus
468 2561 607 2595 alienos
634 2560 772 2605 [fuisse.
800 2559 870 2604 sui]
898 2558 1056 2593 defuisse
1082 2558 1155 2594 Ha.
1180 2558 1240 2593 Ri.
1266 2570 1298 2593 v.
1326 2558 1390 2592 77:
1418 2556 1539 2592 Servis
1567 2556 1725 2591 crudelis

168 2606 268 2641 idem
293 2611 347 2641 est
372 2607 464 2649 aliis,
492 2609 522 2641 si
546 2611 679 2651 potest.
731 2606 784 2641 Cf.
810 2605 1016 2641 Woelfflin.
1043 2604 1140 2642 Phil.
1159 2605 1271 2641 VIII.
1298 2617 1333 2649 p.
1363 2605 1439 2640 186.
1467 2603 1536 2639 IX.
1555 2615 1589 2648 p.
1609 2603 1688 2638 634.

263 2654 342 2688 132.
369 2653 439 2698 Qui
465 2655 583 2689 nescit
609 2658 742 2694 tacere,
770 2653 886 2688 nescit
913 2656 950 2687 et
974 2652 1085 2696 loqui.

262 2699 372 2737 Prov.
393 2702 472 2736 120.
497 2701 557 2737 Ri.
575 2713 608 2736 ν.
630 2701 714 2736 12οῑ
742 2700 880 2734 Tacere
907 2700 970 2744 qui
994 2699 1160 2741 nescibit,
1187 2699 1343 2734 nescibit
1360 2699 1469 2742 loqui.
1513 2696 1611 2732 Sent.
1631 2696 1724 2731 falso

169 2749 266 2782 inter
290 2747 398 2782 Publ.
424 2751 561 2793 recept.
590 2749 667 2783 133.
696 2747 750 2783 Cf.
778 2747 981 2782 Woelfflin.
1008 2746 1102 2782 Phil.
1131 2746 1200 2783 IX.
1228 2759 1262 2791 p.
1291 2745 1369 2782 683.
