1967 3090
776 143 1100 187 —263—

259 259 308 294 18.
336 258 503 293 Monstro
530 259 658 293 similis
685 262 739 293 est
765 259 917 292 avaritia
944 258 1077 292 senilis.
1105 258 1200 301 Quid
1220 259 1316 292 enim
1344 258 1488 292 stultius
1516 260 1580 298 est,
1609 268 1717 302 quam

158 307 216 340 via
243 305 435 340 deficiente
462 307 633 340 viaticum
660 306 819 351 augere?

254 358 350 402 Quid
378 360 473 393 enim
501 359 645 392 stultius
672 361 737 400 est,
765 357 861 401 quod
887 357 960 391 dici
987 357 1090 398 solet,
1119 369 1228 401 quani
1255 357 1324 392 Ha.
1352 358 1406 392 Cf.
1434 358 1507 392 Cic.
1529 358 1607 392 Cat.
1627 357 1714 391 Mai.

163 406 214 446 18,
243 408 297 441 55.
324 409 445 449 potest
471 407 567 440 enim
592 406 785 449 quicquam
811 415 889 438 esse
916 404 1116 445 absurdius,
1144 416 1340 449 quamquo
1358 405 1478 439 minus
1496 405 1575 438 viae
1592 408 1715 445 restat,

164 463 206 486 eo
232 453 315 497 plus
334 453 457 487 viatici
476 453 677 496 quaerere?
703 451 953 486 &odofredusz
982 451 1150 485 Monstro
1170 451 1298 485 similis
1318 455 1372 485 est
1399 452 1551 486 avaritia
1568 452 1716 485 unica.

102 512 106 517 ·
160 499 259 534 Sent.
287 499 378 533 falso
406 500 501 534 inter
526 499 632 534 Publ.
659 502 793 543 recept.
822 499 901 534 ¹197.

261 552 310 586 19.
338 552 472 587 Omnes
499 552 657 586 infantes
683 555 785 586 terra
811 551 928 585 nudos
955 551 1106 595 excipit:
1151 562 1222 584 non
1257 554 1293 585 te
1320 551 1433 595 pudet
1459 551 1640 585 sordidius
1666 551 1716 585 vi-

159 610 242 633 vere
268 610 375 642 quam
400 599 528 633 nasci?

253 646 371 680 Addit
397 646 487 681 Ha.:
524 647 585 692 [al.
624 645 753 680 fortius
780 646 881 679 nasci
907 656 1015 688 quam
1041 644 1192 689 vivere]
1244 644 1344 680 Sent.
1373 645 1464 679 falso
1491 645 1587 679 inter
1612 644 1718 681 Publ.

158 697 293 737 recept.
337 694 415 728 235.
459 692 517 729 Ri.
560 705 593 728 v,
632 694 717 727 181:
760 692 953 727 Sordidius
979 692 1094 726 multo
1121 692 1277 725 vivimus
1305 703 1411 734 quam
1438 692 1634 726 nascimur.
1662 692 1715 726 Cf.

159 739 240 774 Sen.
270 751 325 784 ep.
352 739 404 774 H.
431 740 452 775 8
479 741 559 785 (20)
588 740 650 774 13ῑ
679 739 796 774 Nemo
823 740 986 774 nascitur
1012 739 1125 774 dives.
1153 739 1313 782 quisquis
1340 739 1414 773 exit
1440 739 1477 772 in
1497 739 1626 778 lucem,
1648 739 1717 773 ius-

160 798 218 820 sus
238 790 292 821 est
309 787 405 821 lacte
424 790 460 821 et
478 798 600 831 panno
627 798 704 821 esse
730 790 939 822 contentus:
967 786 1012 821 ab
1040 786 1095 820 his
1122 786 1235 820 initiis
1253 797 1318 819 nos
1336 797 1451 830 regna
1468 797 1540 820 non
1559 786 1719 830 capiunt.

253 840 307 874 20.
351 840 447 883 Quid
482 840 623 874 dulcius
657 851 765 884 quam
791 839 927 874 habere
952 840 1143 883 (amicum)
1169 850 1250 873 cum
1276 850 1346 883 quo
1373 839 1507 873 audeas
1533 842 1574 872 ut
1598 842 1719 872 tecum

159 887 279 921 omnia
307 888 357 921 sic
383 886 507 930 loqui?

254 940 373 974 Addit
398 939 469 974 Ha.
499 939 714 985 [servandus
741 951 828 985 ergo
855 943 910 974 est
936 941 1035 973 omni
1060 939 1253 984 diligentia
1278 951 1362 973 raro
1381 939 1552 973 inventus
1571 938 1719 972 amicus.

160 989 217 1020 est
245 987 341 1021 enim
368 986 460 1021 alter
485 987 581 1033 eg0].
609 986 837 1022 Sententiam
865 987 1041 1031 scriptam
1067 987 1230 1021 videmus
1256 986 1353 1031 apud
1380 985 1453 1021 Cic.
1480 985 1634 1026 Lae1.6,
1655 986 1717 1020 22:

159 1033 247 1077 quid
273 1034 415 1068 dulcius
442 1045 550 1077 quam
575 1034 721 1075 habere,
750 1034 896 1078 quicum
922 1034 1045 1068 onmia
1071 1034 1205 1068 audeas
1232 1034 1284 1068 sic
1310 1033 1422 1077 loqui,
1450 1036 1491 1067 ut
1516 1032 1717 1067 tecum&-

159 1079 267 1115 Prov.
296 1081 444 1116 79—81.
472 1080 530 1115 Ri.
557 1093 590 1115 V.
618 1081 680 1116 79:
708 1081 883 1115 Amicum
907 1081 1014 1115 multi
1041 1082 1202 1125 cupiunt,
1230 1081 1337 1125 pauci
1365 1092 1402 1115 se
1429 1080 1614 1115 exhibent.

254 1134 309 1169 21.
336 1133 556 1178 Magnarum
581 1134 715 1169 virium
741 1137 798 1168 est
823 1135 1020 1178 neglegere
1047 1134 1264 1168 laedentem.

253 1187 282 1230 §-
310 1187 366 1221 22.
392 1186 463 1222 Ha.
490 1186 689 1231 Comparat
714 1186 950 1221 Woelfflinus
977 1186 1060 1222 Sen.
1087 1187 1132 1221 de
1158 1187 1202 1220 ir.
1229 1185 1280 1222 II.
1307 1187 1363 1227 32,
1391 1187 1423 1221 3.
1451 1185 1504 1220 Cf.
1532 1184 1639 1219 Prov.
1661 1185 1714 1219 61.

163 1233 217 1269 62.
245 1233 306 1268 Ri.
333 1245 366 1267 v.
394 1234 454 1268 61:
482 1233 688 1279 Neglegere
714 1234 921 1268 laedentem
947 1235 1002 1267 est
1027 1234 1200 1268 indicium
1227 1234 1370 1268 virium.

254 1282 310 1316 22.
337 1280 434 1324 Quid
461 1281 508 1314 sis
535 1281 699 1322 interest,
728 1292 800 1315 non
827 1281 913 1324 quid
940 1281 1118 1315 habearis.

255 1330 286 1371 ς’.
314 1329 370 1362 21.
398 1327 469 1361 Ha.
496 1327 604 1362 Prov.
632 1328 688 1363 63.
714 1327 774 1363 Ri.
800 1340 832 1364 v,
860 1329 922 1363 63:
950 1327 1047 1371 Quid
1072 1328 1150 1372 ipse
1176 1328 1234 1368 sis,
1262 1338 1333 1361 non
1361 1327 1447 1371 quid
1473 1326 1640 1360 habearis
1666 1326 1719 1359 in-

160 1376 217 1409 ter
243 1378 308 1410 est.
360 1374 460 1410 Sent.
487 1374 581 1408 falso
607 1375 704 1409 inter
728 1375 834 1411 Publ.
861 1378 994 1419 recept.
1024 1375 1101 1410 174.

255 1422 309 1456 23.
336 1420 510 1455 Nondum
535 1422 622 1456 felix
647 1433 697 1464 es,
724 1423 754 1456 si
778 1433 853 1456 non
877 1426 913 1456 te
937 1422 1048 1456 turba
1073 1422 1250 1456 deriserit.

256 1480 293 1502 es
319 1468 407 1503 felix
435 1496 442 1502 .
470 1497 478 1504 .
505 1497 513 1504 .
540 1469 569 1502 si
595 1470 756 1503 nondum
782 1474 807 1505 t.
833 1472 858 1503 t.
885 1469 1069 1503 dimiserit
1093 1468 1163 1503 Ha.
1191 1468 1460 1503 Tetrametrum
1480 1467 1717 1509 trochaicum,

160 1515 275 1559 qualis
301 1515 421 1550 verbis
440 1516 491 1550 sic
516 1516 722 1550 collocatis:
750 1516 921 1550 Nondum
947 1516 1037 1550 felix
1059 1527 1107 1555 eS,
1133 1516 1164 1550 si
1181 1515 1342 1550 nondum
1355 1516 1463 1550 turba
1488 1518 1525 1549 te
1551 1515 1722 1549 deriserit

161 1563 374 1608 (dimiserit)
399 1563 598 1603 exsisteret,
624 1575 698 1597 non
724 1564 890 1608 agnoscit
914 1562 1160 1599 Woelfflinus.
1187 1562 1294 1598 Prov.
1324 1564 1354 1598 1.
1381 1562 1482 1598 Sent.
1509 1562 1600 1596 falso
1626 1562 1722 1595 inter

163 1609 268 1645 Publ.
295 1613 432 1653 recept.
459 1610 538 1645 234.
577 1610 636 1645 Ri.
674 1622 706 1644 v.
735 1612 773 1646 1:
816 1609 989 1644 Nondum
1015 1610 1103 1644 felix
1139 1611 1187 1651 es,
1216 1610 1244 1644 si
1277 1610 1439 1644 nondum
1464 1609 1571 1643 turba
1596 1612 1632 1643 te
1658 1608 1719 1642 de-

164 1657 296 1692 riserit.
347 1657 444 1691 Vide
471 1657 672 1693 Woelfflin.
701 1657 794 1691 Phil.
822 1657 890 1692 IX.
918 1669 952 1701 p.
981 1658 1060 1692 185.

259 1704 313 1739 24.
343 1703 383 1738 Si
411 1704 466 1737 vis
493 1704 621 1738 beatus
648 1715 737 1746 esse,
764 1705 887 1748 cogita
912 1704 981 1739 hoc
1006 1704 1183 1748 primum:
1210 1704 1412 1738 Contemne
1438 1703 1641 1738 contemni!

258 1752 275 1770 '³‘
301 1754 535 1786 contemnere
561 1752 747 1786 contemni
764 1752 809 1786 ab
827 1751 965 1786 eisdem
984 1752 1001 1770 '¹‘
1020 1751 1092 1785 Ha.
1111 1751 1216 1785 Libri
1234 1752 1382 1795 optimi:
1411 1754 1720 1791 contemnere,

164 1798 260 1832 unde
286 1797 370 1832 Wo.
397 1798 606 1842 proposuit:
646 1801 838 1833 contemne
864 1801 900 1833 te
926 1799 1121 1833 contemni.
1155 1798 1264 1834 Prov.
1303 1799 1359 1833 97.
1395 1798 1439 1832 V.
1476 1801 1720 1838 contemnere,

165 1845 261 1889 quod
288 1846 486 1890 scriptores
520 1846 696 1879 orationis
730 1856 863 1890 prosae
900 1846 1097 1880 noluerunt
1137 1845 1201 1890 (cf.
1228 1845 1398 1889 Seyffert.
1427 1845 1551 1881 Gram.
1579 1846 1599 1890 ξ
1626 1845 1723 1888 287.)

163 1894 295 1936 poetae
322 1904 403 1926 cum
428 1892 611 1926 infinitivo
638 1893 904 1927 coniunxerunt
929 1893 974 1928 cf.
1001 1891 1085 1928 Sen.
1124 1892 1237 1928 Theb.
1267 1893 1344 1927 197.
1372 1892 1591 1936 contempsit
1617 1892 1720 1931 mori⁷

161 1940 222 1983 qui
252 1939 489 1983 concupiscit.

258 1986 315 2022 25.
341 1985 560 2029 Priusquam
586 1987 790 2030 promittas,
819 1986 1011 2027 deliberes,
1039 1990 1077 2020 et
1102 1998 1185 2021 cum
1210 1987 1432 2031 promiseris,
1460 1986 1586 2022 facias.

258 2033 346 2069 Sall.
374 2033 453 2068 Cat.
483 2035 512 2073 1,
541 2034 572 2067 6.
599 2045 685 2067 nam
710 2037 747 2068 et
771 2034 985 2078 priusquam
1011 2033 1175 2077 incipias,
1219 2033 1386 2068 consulto
1428 2039 1465 2068 et
1506 2033 1566 2067 ubi
1594 2043 1721 2067 consu-

162 2080 285 2120 lueris,
328 2083 470 2115 mature
508 2080 606 2114 facto
644 2092 735 2125 opus
774 2083 840 2114 est.
884 2079 993 2114 Prov.
1027 2080 1084 2116 39.
1120 2080 1178 2114 Ri.
1206 2092 1240 2116 V.
1268 2080 1325 2116 39.
1351 2080 1643 2115 Deliberandum
1669 2082 1724 2113 est

164 2130 249 2162 ante
259 2138 631 2218 QQualfdpggfiltlgsefllts.
653 2185 698 2208 ne
725 2175 806 2217 quis
831 2174 962 2208 merito
989 2177 1053 2208 tuo
1079 2177 1116 2209 te
1144 2174 1274 2209 oderit.
1301 2174 1383 2209 Etsi
1408 2174 1528 2209 nullos
1554 2173 1720 2208 inimicos

165 2220 234 2255 tibi
260 2220 373 2255 faciat
398 2221 541 2262 iniuria,
569 2221 704 2255 multos
731 2221 821 2255 facit
846 2221 997 2257 invidia.

260 2268 329 2314 [ut]
356 2279 402 2302 ne
430 2296 436 2301 .
466 2295 473 2303 .
502 2294 509 2302 .
536 2267 669 2302 multos
698 2267 850 2314 [tamen]
876 2267 948 2303 Ha.
977 2268 1061 2303 26.ae
1088 2267 1197 2302 Prov.
1224 2269 1279 2304 64.
1307 2268 1366 2303 Ri.
1393 2280 1425 2304 V.
1453 2268 1513 2303 64:
1552 2267 1597 2301 Id
1624 2268 1721 2312 agas,

135 2325 140 2331 ·
167 2317 208 2349 ut
225 2326 270 2349 ne
289 2315 369 2359 quis
387 2315 520 2349 merito
536 2318 600 2348 tuo
625 2315 689 2350 ted
715 2314 844 2349 oderit.
873 2314 974 2350 Sent.
1002 2315 1095 2350 falso
1121 2315 1219 2350 inter
1243 2315 1350 2350 Publ.
1377 2318 1513 2359 recept.
1529 2314 1710 2350 48.—26b-

163 2360 274 2397 Prov.
303 2362 335 2396 2.
362 2361 423 2397 Ri.
449 2374 481 2398 v,
509 2362 545 2396 2:
573 2361 684 2396 Multi
709 2362 847 2396 inimici
866 2362 1003 2396 invidia
1020 2362 1121 2403 fiunt,
1150 2363 1219 2396 etsi
1244 2362 1337 2397 nulli
1354 2363 1498 2397 iniuria.

261 2415 317 2451 27.
345 2414 588 2449 Solitudinem
616 2415 769 2458 quaerit,
797 2415 858 2458 qui
883 2415 963 2449 vult
988 2427 1071 2450 cum
1095 2415 1349 2450 innocentibus
1375 2415 1511 2450 vivere.

260 2465 453 2505 quaerat
477 2461 550 2497 Ha.
579 2461 687 2496 Prov.
715 2462 770 2497 99.
796 2461 855 2496 Ri.
883 2474 914 2497 v.
942 2462 1013 2498 99.;
1048 2461 1294 2497 Solitudinem
1312 2463 1420 2497 adeat
1437 2462 1497 2506 qui
1515 2462 1592 2496 vult
1622 2463 1723 2496 inno-

166 2511 290 2542 center
314 2510 446 2543 vivere.

258 2555 312 2590 28.
344 2556 512 2599 Optimus
540 2566 626 2600 ergo
653 2555 793 2589 animus
819 2555 1087 2599 pulcherrimus
1114 2556 1173 2591 dei
1199 2556 1318 2591 cultus
1345 2560 1412 2592 est.

260 2605 297 2636 et
321 2603 588 2646 pulcherrimus
606 2602 677 2638 Ha.
692 2601 801 2638 Prov.
819 2603 852 2637 4.
871 2603 930 2638 Ri.
948 2615 981 2637 v.
997 2604 1034 2638 4:
1050 2603 1238 2638 Eone-,stus
1264 2604 1404 2638 animus
1431 2602 1583 2637 deorum
1606 2602 1724 2636 cultor

165 2649 353 2693 Optimust.
381 2649 434 2684 Cf.
460 2649 652 2684 Menandr.
679 2653 835 2685 monost.
862 2650 942 2685 246.
970 2649 1082 2683 θυσία
1106 2654 1252 2694 μεγίστη
1278 2651 1330 2692 τῷ
1357 2650 1437 2691 θεῷ
1462 2651 1503 2683 τό
1518 2649 1722 2694 γἐὐσεβεῐν.

261 2702 316 2737 29.
343 2702 560 2737 Abstinebis
587 2702 706 2735 alieno
735 2702 921 2746 sanguine,
951 2701 1150 2737 abstinebis
1177 2703 1295 2737 alieno
1320 2702 1565 2737 matrimonio.

263 2748 341 2793 [ab]
368 2748 487 2783 alieno
513 2749 749 2783 matrimonio
775 2748 847 2784 Ha.
