1967 3090
850 129 1175 172 —260—

337 258 369 290 p.
399 246 454 280 27.
481 245 579 280 Mon.
607 244 751 279 XXIV.
782 246 811 280 1.
853 245 933 288 „W.
961 246 1002 281 B.
1030 245 1130 280 Zeno
1158 274 1164 281 .
1194 273 1200 280 .
1229 273 1236 281 .
1276 245 1329 279 Cf.
1369 245 1476 290 Diog.
1511 245 1553 281 L.
1588 245 1653 281 VI.
1681 247 1712 286 2,
1741 246 1797 281 51.

242 294 308 327 τὸν
335 293 423 337 πρὸς
449 306 546 338 χαριν
574 291 681 335 λόγον
707 292 771 336 ἔφη
799 292 880 334 (int.
909 293 1100 337 Διογένης)
1125 291 1310 335 μελιτίνην
1335 291 1490 336 ἀγχόνην
1516 293 1640 327 εἶι’(ιι.“
1666 292 1750 329 Wo.

338 340 413 374 192².
440 339 706 383 Compendiosa
733 350 794 373 eos
821 340 879 373 via
905 340 950 373 ad
977 340 1133 385 gloriam
1159 341 1363 383 pervenire,
1391 340 1450 383 qui
1478 340 1608 374 darent
1634 350 1795 384 operam,

241 390 277 421 ut
306 387 430 431 quales
457 386 573 421 videri
600 386 746 427 vellent,
773 387 866 421 tales
893 391 1024 422 essent.

334 446 368 478 p.
398 434 451 469 19.
478 432 577 468 Mon.
606 432 635 467 Ι.
669 434 719 467 12.
746 433 843 475 „Cic
872 434 930 470 off.
958 434 1009 470 II.
1041 435 1094 474 12,
1122 435 1177 469 43.
1205 433 1433 479 Quamquam
1459 434 1648 478 praeclare
1667 433 1796 468 Socra·

238 485 294 516 tes
320 481 413 515 hanc
440 481 535 515 viam
563 480 608 514 ad
633 480 787 525 gloriam
815 482 1021 525 proximam
1039 485 1076 516 et
1093 482 1197 525 quasi
1216 482 1528 526 compendiariam
1545 481 1690 516 dicebat
1708 491 1796 524 esse,

239 529 269 562 si
297 529 375 572 quis
402 528 438 562 id
466 531 602 572 ageret,
638 532 677 562 ut
704 528 820 571 qua-lis
852 528 980 563 haberi
1006 529 1129 569 vellet,
1156 529 1240 562 talis
1268 532 1375 565 esset.
1426 528 1509 564 Val.
1535 527 1634 563 Max.
1666 527 1750 564 VII.
1777 529 1797 563 2

239 579 376 610 extern.
407 577 435 611 1.
464 574 518 609 Cf.
546 574 741 611 Heindorf.
768 576 813 610 ad
839 575 934 611 Plat.
962 575 1075 620 Gorg.
1108 577 1182 611 174.
1208 577 1259 621 (p.
1288 576 1367 612 527.
1394 576 1458 620 b.)
1509 574 1602 611 Xen.
1629 574 1738 611 Mem.
1764 575 1795 611 I.

242 624 272 663 7,
304 625 332 658 1.
359 622 409 658 II.
438 624 468 663 6,
498 622 553 657 239.
583 622 715 666 Cyrop.
744 622 773 658 Ι.
802 624 832 660 6,
862 624 940 658 22.“
983 623 1065 659 Wo.
1100 623 1233 658 Aesch.
1261 622 1361 668 Sept.
1390 624 1469 659 574.
1496 621 1593 656 Plut.
1620 622 1736 657 Arist.
1763 623 1796 658 3.

237 669 392 705 Philem.
419 682 474 714 ap.
505 669 607 705 Stob.
634 669 733 705 Flor.
760 674 785 704 t.
813 671 844 711 9,
873 672 928 706 ¹22.

338 718 413 752 193.
441 716 562 752 Velox
589 717 781 751 consilium
808 719 972 761 sequitur
996 718 1235 762 poenitentia.

332 776 368 808 p.
395 765 451 799 41.
478 764 562 800 Par.
591 765 645 798 552».
672 764 756 805 AV.
783 764 826 799 Β.
854 764 980 799 socr:-
1006 764 1089 799 Wo.
1118 765 1170 801 Of.
1197 764 1304 799 Publ.
1331 763 1368 799 V
1387 765 1442 799 37.
1470 764 1572 799 Sent.
1591 763 1683 798 falso
1701 764 1800 799 inter

236 810 342 845 Publ.
369 815 494 855 recept
520 812 599 847 352.

335 859 412 894 194.
439 858 608 893 Verbosa
635 859 761 903 lingua
786 859 948 893 malitiae
975 859 1148 893 indicium
1175 863 1241 895 est.

333 918 367 950 p.
396 906 452 941 34.
478 905 577 940 Mon.
604 905 787 940 XLVIII.
816 907 847 941 3.
875 906 928 942 Cf.
956 906 1055 941 Sent.
1076 906 1168 941 falso
1184 908 1282 941 inter
1298 906 1404 942 Publ.
1423 909 1560 950 recept.
1580 905 1659 941 381.
1686 905 1796 940 Ver-

237 953 346 987 bosa
372 964 445 987 non
471 956 615 987 tantum
641 965 709 993 τρε.
737 953 799 987 sed
827 954 938 987 etiam
965 965 1120 998 persona
1146 954 1283 989 dicitur
1309 954 1353 990 cf.
1374 953 1507 989 Catull.
1534 954 1589 994 97,
1626 954 1657 988 2.
1693 952 1795 987 Nihil

239 1011 367 1034 causae
394 1003 458 1041 est,
498 1012 561 1034 cur
602 1000 820 1034 vocabulum
846 1001 927 1035 loco
953 1001 1174 1035 movendum
1199 1001 1376 1036 videatur.
1419 1000 1615 1036 Pithoeus:
1649 999 1797 1046 Lingua.

238 1050 294 1081 est
319 1048 541 1091 maliloquax
567 1048 699 1082 mentis
725 1048 901 1081 indicium
927 1048 1055 1082 malae.
1106 1048 1201 1090 Vide
1226 1047 1404 1083 Ribbeck.
1434 1047 1570 1083 Coroll.
1596 1059 1630 1092 p.
1658 1046 1697 1081 O.

336 1094 412 1129 195.
439 1094 545 1129 Idem
572 1094 714 1128 (licebat
742 1095 936 1129 veritatem
961 1095 1109 1129 brevem
1135 1106 1222 1136 esse,
1250 1096 1479 1130 mendacium
1504 1095 1667 1138 longum.

335 1154 369 1186 p.
398 1142 453 1177 29.
480 1141 579 1177 Mon.
606 1141 752 1176 XXVI.
792 1142 823 1177 6.
859 1141 1055 1177 Theocrito
1082 1142 1194 1176 tribui
1220 1142 1373 1183 videtur,
1410 1142 1473 1176 sed
1500 1141 1583 1177 Sen.
1611 1153 1664 1185 ep.
1693 1140 1788 1177 V.·9

237 1189 316 1233 (49)
346 1189 399 1223 12.
427 1200 508 1223 cum
535 1189 649 1224 dicat:
678 1192 717 1222 ut
731 1189 781 1222 ait
795 1189 858 1223 ille
884 1189 1056 1233 tragicus,
1084 1190 1251 1223 veritatis
1270 1189 1425 1233 simplex
1444 1189 1561 1223 oratio
1585 1191 1648 1230 est,
1663 1188 1792 1233 Eurip.

238 1234 374 1316 {hoen
414 1248 447 1270 V.
490 1236 569 1271 472.
594 1234 736 1270 ἁπλοῖς
768 1234 787 1269 ὁ
823 1236 942 1278 μῧθος
968 1237 1029 1279 ’τῆς
1054 1235 1225 1279 ἀληθείας
1250 1237 1315 1282 ἔφυ
1338 1236 1570 1282 significavit.
1605 1235 1658 1270 Cf.
1692 1234 1795 1271 Stob.

270 1283 335 1317 lor.
362 1287 387 1317 t.
419 1285 471 1325 11,
502 1284 553 1319 12.

239 1376 301 1411 dld
336 1330 413 1366 196.
440 1329 544 1377 Idem
570 1330 678 1367 dixit:
705 1330 761 1365 Ex
787 1331 936 1366 inimico
962 1331 1173 1373 vindictam,
1202 1332 1232 1365 si
1257 1335 1295 1365 te
1321 1331 1508 1365 inimicum
1527 1330 1689 1371 senserit,
1716 1340 1798 1374 per-

267 1377 273 1383 '
304 1378 375 1412 isti.

333 1436 367 1469 p.
395 1425 450 1460 40.
478 1424 561 1460 Par.
589 1426 643 1460 ⁴27.
672 1424 754 1466 .‚W.
782 1425 824 1461 B.
851 1424 1059 1470 Theophr.“
1085 1425 1167 1460 Wo.

337 1472 413 1507 197.
441 1471 524 1505 Viri
550 1472 637 1506 boni
664 1476 717 1506 est
742 1473 884 1507 nescire
910 1473 987 1517 pati
1013 1473 1071 1507 vel
1098 1472 1220 1508 facere
1246 1473 1427 1508 iniuriam.

297 1539 299 1541 ·
336 1531 371 1563 p.
415 1520 476 1554 27.
513 1518 613 1555 Mon.
647 1518 776 1554 XXII.
820 1521 851 1555 4.
886 1532 921 1564 p.
956 1520 1010 1555 38..
1038 1519 1122 1555 Par.
1152 1521 1206 1555 12.
1233 1519 1308 1565 (W.
1335 1520 1377 1555 B.
1405 1519 1486 1554 Viri
1512 1519 1599 1554 boni
1625 1522 1680 1554 est
1705 1519 1798 1553 scire

237 1567 315 1610 pati
340 1578 407 1601 nec
434 1567 525 1600 scire
552 1567 671 1601 facere
696 1567 894 1612 iniuriam).
934 1567 1043 1602 Unde
1074 1567 1214 1612 Haupt.
1257 1566 1352 1603 Phil.
1395 1566 1468 1603 III.
1504 1579 1538 1611 p.
1575 1567 1654 1602 377.
1681 1578 1713 1602 V.
1743 1565 1797 1601 18.

236 1613 484 1648 Publilianum
531 1614 633 1647 illum
676 1626 831 1656 versum,
875 1618 915 1648 ut
958 1615 1098 1659 opinor.
1141 1618 1241 1649 recte
1275 1615 1456 1659 reposuit:
1506 1614 1584 1648 Viri
1617 1613 1704 1648 boni
1742 1615 1798 1647 est

234 1662 375 1695 nescire
401 1660 521 1695 facere
548 1661 729 1697 iniuriam.
757 1661 812 1696 Cf.
839 1661 944 1696 Publ.
972 1661 1006 1695 V
1034 1662 1077 1697 ‘23
1105 1663 1219 1707 (651).
1247 1661 1374 1696 Verba
1398 1661 1497 1706 pati
1523 1662 1595 1695 vel
1620 1672 1687 1705 per
1699 1660 1795 1706 glos—

235 1719 332 1742 sema
358 1709 595 1752 irrepserunt.
627 1716 629 1718 ’

334 1756 409 1790 198.
438 1755 548 1800 Vulgi
574 1756 798 1799 imperitiam
825 1756 870 1790 ad
896 1768 953 1790 res
980 1756 1093 1790 iustas
1122 1756 1198 1790 sola
1224 1756 1445 1800 constringit
1470 1755 1676 1791 necessitas,

210 1838 211 1841 ,
330 1814 365 1846 Ρ.
393 1803 448 1838 34.
475 1802 575 1838 Mon.
603 1802 764 1837 XLVII.
806 1804 837 1838 2.
881 1803 962 1844 AV.
990 1803 1030 1837 Β.
1058 1802 1278 1848 DiogeneS.“
1305 1803 1388 1838 Wo.
1430 1802 1487 1837 De
1515 1803 1697 1837 sententia
1720 1801 1795 1835 vid.

236 1849 412 1884 WVander.
440 1849 616 1885 Deutsch.
653 1849 1030 1893 SprichwortenLeX.
1058 1854 1145 1884 tom.
1189 1850 1220 1886 Ι.
1255 1863 1289 1895 p.
1326 1851 1404 1886 266.
1444 1850 1589 1888 ..WVenn
1628 1849 1672 1883 de
1698 1848 1798 1883 Bfier

238 1897 324 1931 nich
349 1901 449 1931 mant
476 1897 594 1941 (mot),
622 1900 723 1942 reget
750 1897 886 1942 (rohrt)
911 1898 956 1932 he
983 1897 1079 1931 weer
1104 1898 1220 1943 (nich)
1244 1898 1356 1932 Hand
1381 1897 1476 1932 noch
1502 1896 1595 1932 Faut
1622 1896 1760 1941 (Fet‘st
