<?xml version="1.0" encoding="UTF-8"?>
<!DOCTYPE html PUBLIC "-//W3C//DTD XHTML 1.0 Transitional//EN"
    "http://www.w3.org/TR/xhtml1/DTD/xhtml1-transitional.dtd">
<html xmlns="http://www.w3.org/1999/xhtml" xml:lang="en" lang="en">
 <head>
  <title>
</title>
<meta http-equiv="Content-Type" content="text/html;charset=utf-8" />
  <meta name='ocr-system' content='tesseract 3.04.00' />
  <meta name='ocr-capabilities' content='ocr_page ocr_carea ocr_par ocr_line ocrx_word'/>
</head>
<body>
  <div class='ocr_page' id='page_1' title='image "./sententiae1880publuoft_0227.png"; bbox 0 0 1967 3090; ppageno 0'>
   <div class='ocr_carea' id='block_1_1' title="bbox 0 168 3 821">
    <p class='ocr_par' dir='ltr' id='par_1_1' title="bbox 0 168 3 821">
     <span class='ocr_line' id='line_1_1' title="bbox 0 168 3 821; baseline 0 0"><span class='ocrx_word' id='word_1_1' title='bbox 0 168 3 821; x_wconf 95' lang='lat' dir='ltr'><strong> </strong></span> 
     </span>
    </p>
   </div>
   <div class='ocr_carea' id='block_1_2' title="bbox 780 128 1100 169">
    <p class='ocr_par' dir='ltr' id='par_1_2' title="bbox 780 128 1100 169">
     <span class='ocr_line' id='line_1_2' title="bbox 780 128 1100 169; baseline -0.006 0"><span class='ocrx_word' id='word_1_2' title='bbox 780 152 833 157; x_wconf 92' lang='lat'>—</span> <span class='ocrx_word' id='word_1_3' title='bbox 898 128 981 169; x_wconf 19' lang='lat'><strong>22:⁷3</strong></span> <span class='ocrx_word' id='word_1_4' title='bbox 1046 151 1100 155; x_wconf 89' lang='lat'>—</span> 
     </span>
    </p>
   </div>
   <div class='ocr_carea' id='block_1_3' title="bbox 161 235 1716 2788">
    <p class='ocr_par' dir='ltr' id='par_1_3' title="bbox 164 235 1716 806">
     <span class='ocr_line' id='line_1_3' title="bbox 167 235 1714 288; baseline -0.004 -10"><span class='ocrx_word' id='word_1_5' title='bbox 167 244 261 279; x_wconf 90' lang='lat' dir='ltr'><strong>lach.</strong></span> <span class='ocrx_word' id='word_1_6' title='bbox 289 256 323 288; x_wconf 93' lang='lat' dir='ltr'><strong>p.</strong></span> <span class='ocrx_word' id='word_1_7' title='bbox 350 245 404 278; x_wconf 78' lang='lat'><strong>50.</strong></span> <span class='ocrx_word' id='word_1_8' title='bbox 432 247 472 277; x_wconf 86' lang='lat' dir='ltr'><strong>ut</strong></span> <span class='ocrx_word' id='word_1_9' title='bbox 497 254 564 287; x_wconf 86' lang='lat' dir='ltr'><strong>ego</strong></span> <span class='ocrx_word' id='word_1_10' title='bbox 591 242 771 286; x_wconf 83' lang='lat' dir='ltr'><strong>effugiam,</strong></span> <span class='ocrx_word' id='word_1_11' title='bbox 799 243 895 286; x_wconf 88' lang='lat' dir='ltr'><strong>quod</strong></span> <span class='ocrx_word' id='word_1_12' title='bbox 922 253 989 287; x_wconf 84' lang='lat' dir='ltr'><strong>ego</strong></span> <span class='ocrx_word' id='word_1_13' title='bbox 1016 246 1051 276; x_wconf 92' lang='lat' dir='ltr'><strong>te</strong></span> <span class='ocrx_word' id='word_1_14' title='bbox 1078 243 1255 287; x_wconf 86' lang='lat' dir='ltr'><strong>imprimis</strong></span> <span class='ocrx_word' id='word_1_15' title='bbox 1275 253 1405 287; x_wconf 85' lang='lat' dir='ltr'><strong>cupere</strong></span> <span class='ocrx_word' id='word_1_16' title='bbox 1432 241 1583 285; x_wconf 81' lang='lat' dir='ltr'><strong>apisci</strong></span> <span class='ocrx_word' id='word_1_17' title='bbox 1608 235 1714 273; x_wconf 89' lang='lat' dir='ltr'><strong>intel—</strong></span> 
     </span>
     <span class='ocr_line' id='line_1_4' title="bbox 171 289 1715 335; baseline -0.004 -10"><span class='ocrx_word' id='word_1_18' title='bbox 171 292 252 335; x_wconf 84' lang='lat' dir='ltr'>lego</span> <span class='ocrx_word' id='word_1_19' title='bbox 278 290 359 326; x_wconf 88' lang='lat' dir='ltr'><strong>coll.</strong></span> <span class='ocrx_word' id='word_1_20' title='bbox 387 290 467 326; x_wconf 86' lang='lat' dir='ltr'><strong>Ter.</strong></span> <span class='ocrx_word' id='word_1_21' title='bbox 494 291 610 325; x_wconf 84' lang='lat' dir='ltr'><strong>Andr.</strong></span> <span class='ocrx_word' id='word_1_22' title='bbox 637 289 688 325; x_wconf 92' lang='lat' dir='ltr'><strong>II.</strong></span> <span class='ocrx_word' id='word_1_23' title='bbox 716 291 746 330; x_wconf 83' lang='lat'><strong>1,</strong></span> <span class='ocrx_word' id='word_1_24' title='bbox 774 290 829 325; x_wconf 79' lang='lat'><strong>32.</strong></span> <span class='ocrx_word' id='word_1_25' title='bbox 856 290 1000 334; x_wconf 83' lang='lat' dir='ltr'><strong>nuptias</strong></span> <span class='ocrx_word' id='word_1_26' title='bbox 1027 289 1186 334; x_wconf 84' lang='lat' dir='ltr'><strong>effugere</strong></span> <span class='ocrx_word' id='word_1_27' title='bbox 1213 302 1279 334; x_wconf 76' lang='lat' dir='ltr'><strong>ego</strong></span> <span class='ocrx_word' id='word_1_28' title='bbox 1306 291 1391 324; x_wconf 87' lang='lat' dir='ltr'><strong>istas</strong></span> <span class='ocrx_word' id='word_1_29' title='bbox 1410 289 1517 329; x_wconf 90' lang='lat' dir='ltr'><strong>malo,</strong></span> <span class='ocrx_word' id='word_1_30' title='bbox 1545 298 1651 331; x_wconf 86' lang='lat' dir='ltr'><strong>quam</strong></span> <span class='ocrx_word' id='word_1_31' title='bbox 1676 290 1715 319; x_wconf 87' lang='lat' dir='ltr'><strong>tu</strong></span> 
     </span>
     <span class='ocr_line' id='line_1_5' title="bbox 171 333 1716 382; baseline -0.004 -10"><span class='ocrx_word' id='word_1_32' title='bbox 171 338 375 382; x_wconf 86' lang='lat' dir='ltr'><strong>adipiscier.</strong></span> <span class='ocrx_word' id='word_1_33' title='bbox 418 338 543 381; x_wconf 76' lang='lat' dir='ltr'><strong>Neque</strong></span> <span class='ocrx_word' id='word_1_34' title='bbox 561 337 717 371; x_wconf 89' lang='lat' dir='ltr'><strong>multum</strong></span> <span class='ocrx_word' id='word_1_35' title='bbox 735 337 780 370; x_wconf 87' lang='lat' dir='ltr'><strong>ab</strong></span> <span class='ocrx_word' id='word_1_36' title='bbox 797 337 866 371; x_wconf 87' lang='lat' dir='ltr'><strong>hac</strong></span> <span class='ocrx_word' id='word_1_37' title='bbox 884 337 1052 377; x_wconf 83' lang='lat' dir='ltr'><strong>dictione,</strong></span> <span class='ocrx_word' id='word_1_38' title='bbox 1080 348 1148 380; x_wconf 89' lang='lat' dir='ltr'><strong>qua</strong></span> <span class='ocrx_word' id='word_1_39' title='bbox 1168 337 1414 371; x_wconf 87' lang='lat' dir='ltr'><strong>consilium</strong></span> <span class='ocrx_word' id='word_1_40' title='bbox 1443 334 1590 381; x_wconf 85' lang='lat' dir='ltr'><strong>apisci</strong></span> <span class='ocrx_word' id='word_1_41' title='bbox 1615 333 1716 374; x_wconf 89' lang='lat' dir='ltr'><strong>dicit,</strong></span> 
     </span>
     <span class='ocr_line' id='line_1_6' title="bbox 174 379 1716 428; baseline -0.003 -9"><span class='ocrx_word' id='word_1_42' title='bbox 174 386 278 420; x_wconf 90' lang='lat' dir='ltr'><strong>abest</strong></span> <span class='ocrx_word' id='word_1_43' title='bbox 302 385 340 418; x_wconf 92' lang='lat' dir='ltr'><strong>id</strong></span> <span class='ocrx_word' id='word_1_44' title='bbox 366 385 462 428; x_wconf 89' lang='lat' dir='ltr'><strong>quod</strong></span> <span class='ocrx_word' id='word_1_45' title='bbox 487 384 608 419; x_wconf 85' lang='lat' dir='ltr'><strong>Plaut.</strong></span> <span class='ocrx_word' id='word_1_46' title='bbox 625 383 723 419; x_wconf 82' lang='lat' dir='ltr'><strong>Men.</strong></span> <span class='ocrx_word' id='word_1_47' title='bbox 750 383 796 417; x_wconf 91' lang='lat' dir='ltr'><strong>V.</strong></span> <span class='ocrx_word' id='word_1_48' title='bbox 824 384 856 424; x_wconf 77' lang='lat'><strong>2,</strong></span> <span class='ocrx_word' id='word_1_49' title='bbox 875 383 930 419; x_wconf 75' lang='lat'><strong>94.</strong></span> <span class='ocrx_word' id='word_1_50' title='bbox 958 384 1052 417; x_wconf 82' lang='lat' dir='ltr'><strong>dixit</strong></span> <span class='ocrx_word' id='word_1_51' title='bbox 1076 395 1302 428; x_wconf 88' lang='lat' dir='ltr'><strong>occupare</strong></span> <span class='ocrx_word' id='word_1_52' title='bbox 1329 383 1584 418; x_wconf 89' lang='lat' dir='ltr'><strong>consilium.</strong></span> <span class='ocrx_word' id='word_1_53' title='bbox 1617 379 1716 415; x_wconf 88' lang='lat' dir='ltr'><strong>Hinc</strong></span> 
     </span>
     <span class='ocr_line' id='line_1_7' title="bbox 167 429 1714 475; baseline -0.004 -8"><span class='ocrx_word' id='word_1_54' title='bbox 167 432 332 472; x_wconf 87' lang='lat' dir='ltr'><strong>efficitur,</strong></span> <span class='ocrx_word' id='word_1_55' title='bbox 359 435 399 465; x_wconf 90' lang='lat' dir='ltr'><strong>ut</strong></span> <span class='ocrx_word' id='word_1_56' title='bbox 424 432 514 466; x_wconf 90' lang='lat' dir='ltr'><strong>haec</strong></span> <span class='ocrx_word' id='word_1_57' title='bbox 539 443 663 465; x_wconf 86' lang='lat' dir='ltr'><strong>versus</strong></span> <span class='ocrx_word' id='word_1_58' title='bbox 691 431 871 465; x_wconf 86' lang='lat' dir='ltr'><strong>sententia</strong></span> <span class='ocrx_word' id='word_1_59' title='bbox 897 431 961 465; x_wconf 89' lang='lat' dir='ltr'><strong>sit:</strong></span> <span class='ocrx_word' id='word_1_60' title='bbox 993 430 1085 475; x_wconf 79' lang='lat' dir='ltr'><strong>„Qui</strong></span> <span class='ocrx_word' id='word_1_61' title='bbox 1111 431 1302 466; x_wconf 89' lang='lat' dir='ltr'><strong>consilium</strong></span> <span class='ocrx_word' id='word_1_62' title='bbox 1328 431 1477 465; x_wconf 88' lang='lat' dir='ltr'><strong>alterius</strong></span> <span class='ocrx_word' id='word_1_63' title='bbox 1495 430 1582 473; x_wconf 83' lang='lat' dir='ltr'><strong>fuga</strong></span> <span class='ocrx_word' id='word_1_64' title='bbox 1601 429 1714 462; x_wconf 80' lang='lat' dir='ltr'><strong>vitare</strong></span> 
     </span>
     <span class='ocr_line' id='line_1_8' title="bbox 166 475 1714 524; baseline -0.003 -10"><span class='ocrx_word' id='word_1_65' title='bbox 166 482 297 524; x_wconf 90' lang='lat' dir='ltr'><strong>potest,</strong></span> <span class='ocrx_word' id='word_1_66' title='bbox 331 479 428 513; x_wconf 90' lang='lat' dir='ltr'><strong>idem</strong></span> <span class='ocrx_word' id='word_1_67' title='bbox 461 479 538 523; x_wconf 92' lang='lat' dir='ltr'><strong>ipse</strong></span> <span class='ocrx_word' id='word_1_68' title='bbox 571 478 762 514; x_wconf 91' lang='lat' dir='ltr'><strong>consilium</strong></span> <span class='ocrx_word' id='word_1_69' title='bbox 795 478 832 511; x_wconf 93' lang='lat' dir='ltr'><strong>in</strong></span> <span class='ocrx_word' id='word_1_70' title='bbox 858 478 1013 512; x_wconf 88' lang='lat' dir='ltr'><strong>alterum</strong></span> <span class='ocrx_word' id='word_1_71' title='bbox 1039 482 1160 512; x_wconf 90' lang='lat' dir='ltr'><strong>mente</strong></span> <span class='ocrx_word' id='word_1_72' title='bbox 1187 479 1379 522; x_wconf 82' lang='lat' dir='ltr'><strong>concipere</strong></span> <span class='ocrx_word' id='word_1_73' title='bbox 1403 480 1546 521; x_wconf 64' lang='lat' dir='ltr'><strong>potest-⁴</strong></span> <span class='ocrx_word' id='word_1_74' title='bbox 1582 476 1642 510; x_wconf 85' lang='lat' dir='ltr'><strong>vel</strong></span> <span class='ocrx_word' id='word_1_75' title='bbox 1668 475 1714 509; x_wconf 91' lang='lat' dir='ltr'><strong>ad</strong></span> 
     </span>
     <span class='ocr_line' id='line_1_9' title="bbox 166 523 1712 570; baseline -0.004 -9"><span class='ocrx_word' id='word_1_76' title='bbox 166 527 229 561; x_wconf 88' lang='lat' dir='ltr'><strong>illa</strong></span> <span class='ocrx_word' id='word_1_77' title='bbox 266 526 450 560; x_wconf 84' lang='lat' dir='ltr'><strong>contraria</strong></span> <span class='ocrx_word' id='word_1_78' title='bbox 491 527 601 560; x_wconf 84' lang='lat' dir='ltr'><strong>verba</strong></span> <span class='ocrx_word' id='word_1_79' title='bbox 639 525 802 569; x_wconf 87' lang='lat' dir='ltr'><strong>fugere</strong></span> <span class='ocrx_word' id='word_1_80' title='bbox 840 528 877 559; x_wconf 88' lang='lat' dir='ltr'><strong>et</strong></span> <span class='ocrx_word' id='word_1_81' title='bbox 915 525 1064 569; x_wconf 84' lang='lat' dir='ltr'><strong>apisci</strong></span> <span class='ocrx_word' id='word_1_82' title='bbox 1102 526 1222 570; x_wconf 87' lang='lat' dir='ltr'><strong>aptius</strong></span> <span class='ocrx_word' id='word_1_83' title='bbox 1255 525 1345 559; x_wconf 87' lang='grc'><strong>11366</strong></span> <span class='ocrx_word' id='word_1_84' title='bbox 1383 526 1421 559; x_wconf 87' lang='lat' dir='ltr'><strong>in</strong></span> <span class='ocrx_word' id='word_1_85' title='bbox 1455 523 1712 559; x_wconf 69' lang='lat' dir='ltr'><strong>Germanicum</strong></span> 
     </span>
     <span class='ocr_line' id='line_1_10' title="bbox 164 569 1713 618; baseline -0.003 -10"><span class='ocrx_word' id='word_1_86' title='bbox 164 585 286 609; x_wconf 85' lang='lat' dir='ltr'><strong>versa:</strong></span> <span class='ocrx_word' id='word_1_87' title='bbox 317 573 429 615; x_wconf 87' lang='lat' dir='ltr'><strong>„Wer</strong></span> <span class='ocrx_word' id='word_1_88' title='bbox 455 573 572 608; x_wconf 89' lang='lat' dir='ltr'><strong>einem</strong></span> <span class='ocrx_word' id='word_1_89' title='bbox 595 572 787 616; x_wconf 84' lang='lat' dir='ltr'><strong>Anschlag</strong></span> <span class='ocrx_word' id='word_1_90' title='bbox 811 584 855 606; x_wconf 88' lang='lat' dir='ltr'><strong>zu</strong></span> <span class='ocrx_word' id='word_1_91' title='bbox 880 572 1143 607; x_wconf 88' lang='lat' dir='ltr'><strong>entfliehen</strong></span> <span class='ocrx_word' id='word_1_92' title='bbox 1168 584 1327 618; x_wconf 85' lang='lat' dir='ltr'><strong>vermag,</strong></span> <span class='ocrx_word' id='word_1_93' title='bbox 1356 573 1421 606; x_wconf 87' lang='lat' dir='ltr'><strong>der</strong></span> <span class='ocrx_word' id='word_1_94' title='bbox 1446 582 1595 615; x_wconf 81' lang='lat' dir='ltr'><strong>vermag</strong></span> <span class='ocrx_word' id='word_1_95' title='bbox 1620 569 1713 604; x_wconf 90' lang='lat' dir='ltr'><strong>auch</strong></span> 
     </span>
     <span class='ocr_line' id='line_1_11' title="bbox 166 617 1715 663; baseline -0.003 -8"><span class='ocrx_word' id='word_1_96' title='bbox 166 622 274 656; x_wconf 89' lang='lat' dir='ltr'><strong>einen</strong></span> <span class='ocrx_word' id='word_1_97' title='bbox 308 620 456 655; x_wconf 89' lang='lat' dir='ltr'><strong>solchen</strong></span> <span class='ocrx_word' id='word_1_98' title='bbox 487 632 529 654; x_wconf 87' lang='lat' dir='ltr'><strong>zu</strong></span> <span class='ocrx_word' id='word_1_99' title='bbox 563 619 857 654; x_wconf 79' lang='lat' dir='ltr'><strong>erhaschen.“</strong></span> <span class='ocrx_word' id='word_1_100' title='bbox 897 618 954 654; x_wconf 90' lang='lat' dir='ltr'><strong>De</strong></span> <span class='ocrx_word' id='word_1_101' title='bbox 988 620 1168 654; x_wconf 89' lang='lat' dir='ltr'><strong>sententia</strong></span> <span class='ocrx_word' id='word_1_102' title='bbox 1199 619 1242 655; x_wconf 88' lang='lat' dir='ltr'><strong>cf.</strong></span> <span class='ocrx_word' id='word_1_103' title='bbox 1269 619 1375 655; x_wconf 90' lang='lat' dir='ltr'><strong>Publ.</strong></span> <span class='ocrx_word' id='word_1_104' title='bbox 1408 619 1441 653; x_wconf 76' lang='lat' dir='ltr'>N</span> <span class='ocrx_word' id='word_1_105' title='bbox 1469 619 1514 654; x_wconf 76' lang='lat'><strong>38</strong></span> <span class='ocrx_word' id='word_1_106' title='bbox 1539 619 1653 663; x_wconf 72' lang='lat'>(414).</span> <span class='ocrx_word' id='word_1_107' title='bbox 1679 617 1715 651; x_wconf 87' lang='lat' dir='ltr'>R</span> 
     </span>
     <span class='ocr_line' id='line_1_12' title="bbox 168 664 1713 711; baseline -0.003 -8"><span class='ocrx_word' id='word_1_108' title='bbox 168 669 213 703; x_wconf 78' lang='lat'><strong>14</strong></span> <span class='ocrx_word' id='word_1_109' title='bbox 239 668 350 711; x_wconf 73' lang='lat'>(582).</span> <span class='ocrx_word' id='word_1_110' title='bbox 389 667 471 702; x_wconf 86' lang='lat' dir='ltr'>Ter.</span> <span class='ocrx_word' id='word_1_111' title='bbox 497 667 588 703; x_wconf 82' lang='lat' dir='ltr'><strong>Hec.</strong></span> <span class='ocrx_word' id='word_1_112' title='bbox 615 666 645 701; x_wconf 90' lang='grc' dir='ltr'><strong>Ι.</strong></span> <span class='ocrx_word' id='word_1_113' title='bbox 675 668 704 708; x_wconf 83' lang='lat'><strong>1,</strong></span> <span class='ocrx_word' id='word_1_114' title='bbox 727 668 782 701; x_wconf 75' lang='lat'><strong>15.</strong></span> <span class='ocrx_word' id='word_1_115' title='bbox 803 667 856 702; x_wconf 86' lang='lat'><strong>16.</strong></span> <span class='ocrx_word' id='word_1_116' title='bbox 884 667 1055 700; x_wconf 85' lang='lat' dir='ltr'><strong>iniurium</strong></span> <span class='ocrx_word' id='word_1_117' title='bbox 1080 671 1203 702; x_wconf 87' lang='lat' dir='ltr'><strong>autem</strong></span> <span class='ocrx_word' id='word_1_118' title='bbox 1228 671 1283 701; x_wconf 90' lang='lat' dir='ltr'><strong>est</strong></span> <span class='ocrx_word' id='word_1_119' title='bbox 1308 666 1435 702; x_wconf 88' lang='lat' dir='ltr'><strong>ulcisci</strong></span> <span class='ocrx_word' id='word_1_120' title='bbox 1461 664 1713 700; x_wconf 77' lang='lat' dir='ltr'><strong>adversarios?</strong></span> 
     </span>
     <span class='ocr_line' id='line_1_13' title="bbox 164 712 1713 758; baseline -0.003 -9"><span class='ocrx_word' id='word_1_121' title='bbox 164 716 244 750; x_wconf 84' lang='lat' dir='ltr'><strong>Aut</strong></span> <span class='ocrx_word' id='word_1_122' title='bbox 276 727 347 758; x_wconf 84' lang='lat' dir='ltr'><strong>qua</strong></span> <span class='ocrx_word' id='word_1_123' title='bbox 378 715 436 748; x_wconf 77' lang='lat' dir='ltr'><strong>via</strong></span> <span class='ocrx_word' id='word_1_124' title='bbox 471 718 619 758; x_wconf 87' lang='lat' dir='ltr'><strong>captant</strong></span> <span class='ocrx_word' id='word_1_125' title='bbox 653 714 698 747; x_wconf 89' lang='lat' dir='ltr'><strong>de</strong></span> <span class='ocrx_word' id='word_1_126' title='bbox 724 714 789 753; x_wconf 87' lang='lat' dir='ltr'><strong>illi,</strong></span> <span class='ocrx_word' id='word_1_127' title='bbox 826 714 953 748; x_wconf 88' lang='lat' dir='ltr'><strong>eadem</strong></span> <span class='ocrx_word' id='word_1_128' title='bbox 978 715 1075 758; x_wconf 91' lang='lat' dir='ltr'><strong>ipsos</strong></span> <span class='ocrx_word' id='word_1_129' title='bbox 1103 713 1207 758; x_wconf 78' lang='lat' dir='ltr'><strong>capi?</strong></span> <span class='ocrx_word' id='word_1_130' title='bbox 1234 736 1276 739; x_wconf 83' lang='lat'>—</span> <span class='ocrx_word' id='word_1_131' title='bbox 1303 713 1359 748; x_wconf 93' lang='lat' dir='ltr'><strong>De</strong></span> <span class='ocrx_word' id='word_1_132' title='bbox 1384 714 1503 747; x_wconf 76' lang='lat' dir='ltr'><strong>verbis</strong></span> <span class='ocrx_word' id='word_1_133' title='bbox 1529 712 1713 747; x_wconf 81' lang='lat' dir='ltr'><strong>veteribus</strong></span> 
     </span>
     <span class='ocr_line' id='line_1_14' title="bbox 165 760 1148 806; baseline -0.002 -10"><span class='ocrx_word' id='word_1_134' title='bbox 165 775 186 796; x_wconf 86' lang='lat' dir='ltr'><strong>a</strong></span> <span class='ocrx_word' id='word_1_135' title='bbox 211 762 370 796; x_wconf 83' lang='lat' dir='ltr'><strong>Publilio</strong></span> <span class='ocrx_word' id='word_1_136' title='bbox 397 762 578 806; x_wconf 85' lang='lat' dir='ltr'><strong>usurpatis</strong></span> <span class='ocrx_word' id='word_1_137' title='bbox 606 761 681 795; x_wconf 85' lang='lat' dir='ltr'><strong>dixi</strong></span> <span class='ocrx_word' id='word_1_138' title='bbox 707 761 753 794; x_wconf 89' lang='lat' dir='ltr'><strong>ad</strong></span> <span class='ocrx_word' id='word_1_139' title='bbox 778 760 882 796; x_wconf 83' lang='lat' dir='ltr'><strong>Publ.</strong></span> <span class='ocrx_word' id='word_1_140' title='bbox 910 760 940 794; x_wconf 83' lang='lat' dir='ltr'>P</span> <span class='ocrx_word' id='word_1_141' title='bbox 967 762 1008 796; x_wconf 85' lang='lat'><strong>31</strong></span> <span class='ocrx_word' id='word_1_142' title='bbox 1037 762 1148 806; x_wconf 60' lang='lat'>(450).</span> 
     </span>
    </p>

    <p class='ocr_par' dir='ltr' id='par_1_4' title="bbox 165 808 1714 901">
     <span class='ocr_line' id='line_1_15' title="bbox 259 808 1714 853; baseline -0.003 -9"><span class='ocrx_word' id='word_1_143' title='bbox 259 810 314 845; x_wconf 77' lang='lat'>28.</span> <span class='ocrx_word' id='word_1_144' title='bbox 341 809 680 853; x_wconf 86' lang='lat' dir='ltr'><strong>Interpunctionem</strong></span> <span class='ocrx_word' id='word_1_145' title='bbox 706 815 791 842; x_wconf 89' lang='lat' dir='ltr'><strong>ante</strong></span> <span class='ocrx_word' id='word_1_146' title='bbox 817 809 1052 852; x_wconf 88' lang='lat' dir='ltr'><strong>improbos</strong></span> <span class='ocrx_word' id='word_1_147' title='bbox 1078 810 1237 853; x_wconf 86' lang='lat' dir='ltr'><strong>positam</strong></span> <span class='ocrx_word' id='word_1_148' title='bbox 1254 814 1353 843; x_wconf 91' lang='lat' dir='ltr'><strong>recte</strong></span> <span class='ocrx_word' id='word_1_149' title='bbox 1371 808 1573 842; x_wconf 86' lang='lat' dir='ltr'><strong>tollendam</strong></span> <span class='ocrx_word' id='word_1_150' title='bbox 1592 813 1714 840; x_wconf 84' lang='lat' dir='ltr'><strong>censet</strong></span> 
     </span>
     <span class='ocr_line' id='line_1_16' title="bbox 165 855 1098 901; baseline 0 -10"><span class='ocrx_word' id='word_1_151' title='bbox 165 857 346 901; x_wconf 81' lang='lat' dir='ltr'><strong>MeyeruS.</strong></span> <span class='ocrx_word' id='word_1_152' title='bbox 384 856 441 890; x_wconf 91' lang='lat' dir='ltr'><strong>De</strong></span> <span class='ocrx_word' id='word_1_153' title='bbox 468 856 649 890; x_wconf 89' lang='lat' dir='ltr'><strong>sententia</strong></span> <span class='ocrx_word' id='word_1_154' title='bbox 675 856 718 890; x_wconf 87' lang='lat' dir='ltr'><strong>cf.</strong></span> <span class='ocrx_word' id='word_1_155' title='bbox 747 855 853 890; x_wconf 88' lang='lat' dir='ltr'><strong>Publ.</strong></span> <span class='ocrx_word' id='word_1_156' title='bbox 881 855 899 889; x_wconf 89' lang='grc' dir='ltr'><strong>Ι</strong></span> <span class='ocrx_word' id='word_1_157' title='bbox 918 857 960 890; x_wconf 87' lang='lat'><strong>55</strong></span> <span class='ocrx_word' id='word_1_158' title='bbox 987 856 1098 900; x_wconf 63' lang='lat'>(1285).</span> 
     </span>
    </p>

    <p class='ocr_par' dir='ltr' id='par_1_5' title="bbox 162 902 1715 1986">
     <span class='ocr_line' id='line_1_17' title="bbox 259 902 1714 947; baseline -0.002 -10"><span class='ocrx_word' id='word_1_159' title='bbox 259 905 313 938; x_wconf 79' lang='lat'>29.</span> <span class='ocrx_word' id='word_1_160' title='bbox 341 902 443 946; x_wconf 80' lang='lat' dir='ltr'><strong>Quae</strong></span> <span class='ocrx_word' id='word_1_161' title='bbox 467 903 504 936; x_wconf 90' lang='lat' dir='ltr'><strong>in</strong></span> <span class='ocrx_word' id='word_1_162' title='bbox 530 915 572 937; x_wconf 93' lang='lat' dir='ltr'><strong>eo</strong></span> <span class='ocrx_word' id='word_1_163' title='bbox 598 915 714 942; x_wconf 83' lang='lat' dir='ltr'><strong>versu,</strong></span> <span class='ocrx_word' id='word_1_164' title='bbox 742 914 850 946; x_wconf 90' lang='lat' dir='ltr'><strong>quem</strong></span> <span class='ocrx_word' id='word_1_165' title='bbox 874 903 1045 936; x_wconf 84' lang='lat' dir='ltr'><strong>Halmius</strong></span> <span class='ocrx_word' id='word_1_166' title='bbox 1071 904 1242 947; x_wconf 79' lang='lat' dir='ltr'><strong>reposuit,</strong></span> <span class='ocrx_word' id='word_1_167' title='bbox 1271 904 1431 937; x_wconf 86' lang='lat' dir='ltr'><strong>cernitur</strong></span> <span class='ocrx_word' id='word_1_168' title='bbox 1455 903 1553 936; x_wconf 87' lang='lat' dir='ltr'><strong>mala</strong></span> <span class='ocrx_word' id='word_1_169' title='bbox 1578 902 1714 935; x_wconf 88' lang='lat' dir='ltr'><strong>diaere-</strong></span> 
     </span>
     <span class='ocr_line' id='line_1_18' title="bbox 165 949 1714 994; baseline -0.002 -9"><span class='ocrx_word' id='word_1_170' title='bbox 165 951 223 992; x_wconf 89' lang='lat' dir='ltr'><strong>sis,</strong></span> <span class='ocrx_word' id='word_1_171' title='bbox 259 962 339 984; x_wconf 88' lang='lat' dir='ltr'><strong>eam</strong></span> <span class='ocrx_word' id='word_1_172' title='bbox 372 950 517 994; x_wconf 89' lang='lat' dir='ltr'><strong>quidem</strong></span> <span class='ocrx_word' id='word_1_173' title='bbox 543 951 673 984; x_wconf 76' lang='lat' dir='ltr'><strong>vitavit</strong></span> <span class='ocrx_word' id='word_1_174' title='bbox 697 950 933 991; x_wconf 84' lang='lat' dir='ltr'><strong>Ribbeckius,</strong></span> <span class='ocrx_word' id='word_1_175' title='bbox 969 950 1032 984; x_wconf 88' lang='lat' dir='ltr'><strong>sed</strong></span> <span class='ocrx_word' id='word_1_176' title='bbox 1057 951 1252 984; x_wconf 87' lang='lat' dir='ltr'><strong>verborum</strong></span> <span class='ocrx_word' id='word_1_177' title='bbox 1286 951 1524 994; x_wconf 83' lang='lat' dir='ltr'><strong>transpositio</strong></span> <span class='ocrx_word' id='word_1_178' title='bbox 1558 949 1714 983; x_wconf 86' lang='lat' dir='ltr'><strong>molesta</strong></span> 
     </span>
     <span class='ocr_line' id='line_1_19' title="bbox 165 997 1713 1042; baseline -0.002 -10"><span class='ocrx_word' id='word_1_179' title='bbox 165 1002 220 1033; x_wconf 89' lang='lat' dir='ltr'><strong>est</strong></span> <span class='ocrx_word' id='word_1_180' title='bbox 246 1010 313 1032; x_wconf 88' lang='lat' dir='ltr'><strong>nec</strong></span> <span class='ocrx_word' id='word_1_181' title='bbox 339 998 460 1042; x_wconf 89' lang='lat' dir='ltr'><strong>placet</strong></span> <span class='ocrx_word' id='word_1_182' title='bbox 486 1009 687 1041; x_wconf 86' lang='lat' dir='ltr'><strong>pronomen</strong></span> <span class='ocrx_word' id='word_1_183' title='bbox 711 997 800 1031; x_wconf 85' lang='lat' dir='ltr'><strong>tibi</strong></span> <span class='ocrx_word' id='word_1_184' title='bbox 824 998 861 1030; x_wconf 91' lang='lat' dir='ltr'><strong>in</strong></span> <span class='ocrx_word' id='word_1_185' title='bbox 887 1009 1013 1031; x_wconf 74' lang='lat' dir='ltr'><strong>versus</strong></span> <span class='ocrx_word' id='word_1_186' title='bbox 1046 998 1144 1031; x_wconf 86' lang='lat' dir='ltr'><strong>exitu</strong></span> <span class='ocrx_word' id='word_1_187' title='bbox 1171 998 1346 1032; x_wconf 86' lang='lat' dir='ltr'><strong>additum.</strong></span> <span class='ocrx_word' id='word_1_188' title='bbox 1398 997 1470 1031; x_wconf 88' lang='lat' dir='ltr'><strong>Hic</strong></span> <span class='ocrx_word' id='word_1_189' title='bbox 1497 997 1565 1031; x_wconf 89' lang='lat' dir='ltr'><strong>etsi</strong></span> <span class='ocrx_word' id='word_1_190' title='bbox 1591 1007 1713 1040; x_wconf 87' lang='lat' dir='ltr'><strong>saepe-</strong></span> 
     </span>
     <span class='ocr_line' id='line_1_20' title="bbox 163 1044 1715 1089; baseline -0.002 -10"><span class='ocrx_word' id='word_1_191' title='bbox 163 1056 313 1080; x_wconf 90' lang='lat' dir='ltr'><strong>numero</strong></span> <span class='ocrx_word' id='word_1_192' title='bbox 345 1045 457 1079; x_wconf 85' lang='lat' dir='ltr'><strong>verba</strong></span> <span class='ocrx_word' id='word_1_193' title='bbox 491 1046 528 1078; x_wconf 90' lang='lat' dir='ltr'><strong>in</strong></span> <span class='ocrx_word' id='word_1_194' title='bbox 561 1045 664 1078; x_wconf 89' lang='lat' dir='ltr'><strong>libris</strong></span> <span class='ocrx_word' id='word_1_195' title='bbox 697 1048 759 1078; x_wconf 87' lang='lat' dir='ltr'><strong>aut</strong></span> <span class='ocrx_word' id='word_1_196' title='bbox 793 1044 966 1079; x_wconf 85' lang='lat' dir='ltr'><strong>deficiunt·</strong></span> <span class='ocrx_word' id='word_1_197' title='bbox 1000 1049 1061 1079; x_wconf 90' lang='lat' dir='ltr'><strong>aut</strong></span> <span class='ocrx_word' id='word_1_198' title='bbox 1087 1045 1288 1089; x_wconf 76' lang='lat' dir='ltr'><strong>depravata</strong></span> <span class='ocrx_word' id='word_1_199' title='bbox 1314 1046 1557 1079; x_wconf 79' lang='lat' dir='ltr'><strong>inveniuntur.</strong></span> <span class='ocrx_word' id='word_1_200' title='bbox 1593 1048 1715 1077; x_wconf 89' lang='lat' dir='ltr'><strong>tamen</strong></span> 
     </span>
     <span class='ocr_line' id='line_1_21' title="bbox 165 1090 1714 1136; baseline -0.001 -10"><span class='ocrx_word' id='word_1_201' title='bbox 165 1093 256 1126; x_wconf 89' lang='lat' dir='ltr'><strong>tibi</strong></span> <span class='ocrx_word' id='word_1_202' title='bbox 282 1103 483 1136; x_wconf 88' lang='lat' dir='ltr'><strong>pronomen</strong></span> <span class='ocrx_word' id='word_1_203' title='bbox 508 1092 577 1125; x_wconf 90' lang='lat' dir='ltr'><strong>hoc</strong></span> <span class='ocrx_word' id='word_1_204' title='bbox 604 1092 684 1126; x_wconf 91' lang='lat' dir='ltr'><strong>loco</strong></span> <span class='ocrx_word' id='word_1_205' title='bbox 710 1092 940 1126; x_wconf 89' lang='lat' dir='ltr'><strong>intercidisse</strong></span> <span class='ocrx_word' id='word_1_206' title='bbox 966 1103 1039 1126; x_wconf 90' lang='lat' dir='ltr'><strong>non</strong></span> <span class='ocrx_word' id='word_1_207' title='bbox 1065 1093 1261 1126; x_wconf 83' lang='lat' dir='ltr'><strong>verisimile</strong></span> <span class='ocrx_word' id='word_1_208' title='bbox 1289 1093 1438 1132; x_wconf 79' lang='lat' dir='ltr'><strong>videtur,</strong></span> <span class='ocrx_word' id='word_1_209' title='bbox 1467 1092 1564 1136; x_wconf 87' lang='lat' dir='ltr'><strong>quod</strong></span> <span class='ocrx_word' id='word_1_210' title='bbox 1589 1090 1714 1124; x_wconf 85' lang='lat' dir='ltr'><strong>Publi-</strong></span> 
     </span>
     <span class='ocr_line' id='line_1_22' title="bbox 166 1137 1714 1180; baseline -0.003 -6"><span class='ocrx_word' id='word_1_211' title='bbox 166 1140 256 1174; x_wconf 92' lang='lat' dir='ltr'><strong>lium</strong></span> <span class='ocrx_word' id='word_1_212' title='bbox 290 1144 327 1173; x_wconf 92' lang='lat' dir='ltr'><strong>et</strong></span> <span class='ocrx_word' id='word_1_213' title='bbox 368 1140 506 1173; x_wconf 88' lang='lat' dir='ltr'><strong>duobus</strong></span> <span class='ocrx_word' id='word_1_214' title='bbox 540 1144 683 1173; x_wconf 88' lang='lat' dir='ltr'><strong>tantum</strong></span> <span class='ocrx_word' id='word_1_215' title='bbox 722 1139 884 1173; x_wconf 86' lang='lat' dir='ltr'><strong>versibus</strong></span> <span class='ocrx_word' id='word_1_216' title='bbox 920 1140 970 1173; x_wconf 89' lang='lat' dir='ltr'><strong>sic</strong></span> <span class='ocrx_word' id='word_1_217' title='bbox 1008 1140 1172 1173; x_wconf 83' lang='lat' dir='ltr'><strong>videmus</strong></span> <span class='ocrx_word' id='word_1_218' title='bbox 1211 1140 1459 1180; x_wconf 75' lang='lat' dir='ltr'><strong>collocavisse,</strong></span> <span class='ocrx_word' id='word_1_219' title='bbox 1501 1151 1566 1173; x_wconf 86' lang='lat' dir='ltr'><strong>nec</strong></span> <span class='ocrx_word' id='word_1_220' title='bbox 1609 1137 1714 1171; x_wconf 89' lang='lat' dir='ltr'><strong>aliter</strong></span> 
     </span>
     <span class='ocr_line' id='line_1_23' title="bbox 164 1184 1714 1231; baseline -0.001 -10"><span class='ocrx_word' id='word_1_221' title='bbox 164 1187 405 1231; x_wconf 80' lang='lat' dir='ltr'><strong>usurpavisse,</strong></span> <span class='ocrx_word' id='word_1_222' title='bbox 433 1187 503 1220; x_wconf 92' lang='lat' dir='ltr'><strong>nisi</strong></span> <span class='ocrx_word' id='word_1_223' title='bbox 528 1194 567 1220; x_wconf 88' lang='lat' dir='ltr'><strong>ut</strong></span> <span class='ocrx_word' id='word_1_224' title='bbox 594 1187 690 1220; x_wconf 90' lang='lat' dir='ltr'><strong>idem</strong></span> <span class='ocrx_word' id='word_1_225' title='bbox 716 1186 869 1227; x_wconf 81' lang='lat' dir='ltr'><strong>valeret,</strong></span> <span class='ocrx_word' id='word_1_226' title='bbox 907 1187 1003 1230; x_wconf 87' lang='lat' dir='ltr'><strong>quod</strong></span> <span class='ocrx_word' id='word_1_227' title='bbox 1034 1187 1126 1221; x_wconf 90' lang='lat' dir='ltr'><strong>tibi</strong></span> <span class='ocrx_word' id='word_1_228' title='bbox 1151 1188 1250 1231; x_wconf 90' lang='lat' dir='ltr'><strong>ipse</strong></span> <span class='ocrx_word' id='word_1_229' title='bbox 1277 1188 1322 1222; x_wconf 87' lang='lat' dir='ltr'><strong>cf.</strong></span> <span class='ocrx_word' id='word_1_230' title='bbox 1349 1187 1454 1221; x_wconf 90' lang='lat' dir='ltr'><strong>Publ.</strong></span> <span class='ocrx_word' id='word_1_231' title='bbox 1481 1186 1501 1220; x_wconf 91' lang='lat' dir='ltr'>I</span> <span class='ocrx_word' id='word_1_232' title='bbox 1527 1187 1581 1222; x_wconf 70' lang='lat'>54.</span> <span class='ocrx_word' id='word_1_233' title='bbox 1611 1184 1643 1229; x_wconf 76' lang='lat' dir='ltr'><strong>Q</strong></span> <span class='ocrx_word' id='word_1_234' title='bbox 1670 1186 1714 1219; x_wconf 80' lang='lat'><strong>30</strong></span> 
     </span>
     <span class='ocr_line' id='line_1_24' title="bbox 165 1232 1713 1279; baseline -0.003 -10"><span class='ocrx_word' id='word_1_235' title='bbox 165 1235 288 1279; x_wconf 80' lang='lat'>(530):</span> <span class='ocrx_word' id='word_1_236' title='bbox 316 1234 411 1277; x_wconf 88' lang='lat' dir='ltr'><strong>quod</strong></span> <span class='ocrx_word' id='word_1_237' title='bbox 436 1245 509 1268; x_wconf 91' lang='lat' dir='ltr'><strong>non</strong></span> <span class='ocrx_word' id='word_1_238' title='bbox 536 1234 635 1267; x_wconf 89' lang='lat' dir='ltr'><strong>cadit</strong></span> <span class='ocrx_word' id='word_1_239' title='bbox 660 1234 698 1267; x_wconf 84' lang='lat' dir='ltr'><strong>in</strong></span> <span class='ocrx_word' id='word_1_240' title='bbox 723 1233 821 1267; x_wconf 88' lang='lat' dir='ltr'><strong>hunc</strong></span> <span class='ocrx_word' id='word_1_241' title='bbox 845 1233 974 1269; x_wconf 89' lang='lat' dir='ltr'><strong>locum.</strong></span> <span class='ocrx_word' id='word_1_242' title='bbox 1016 1233 1100 1268; x_wconf 83' lang='lat' dir='ltr'><strong>Meo</strong></span> <span class='ocrx_word' id='word_1_243' title='bbox 1119 1235 1265 1278; x_wconf 90' lang='lat' dir='ltr'><strong>quidem</strong></span> <span class='ocrx_word' id='word_1_244' title='bbox 1289 1235 1423 1268; x_wconf 89' lang='lat' dir='ltr'><strong>iudicio</strong></span> <span class='ocrx_word' id='word_1_245' title='bbox 1449 1235 1487 1268; x_wconf 91' lang='lat' dir='ltr'><strong>in</strong></span> <span class='ocrx_word' id='word_1_246' title='bbox 1505 1234 1584 1277; x_wconf 88' lang='lat' dir='ltr'><strong>ipso</strong></span> <span class='ocrx_word' id='word_1_247' title='bbox 1601 1232 1713 1266; x_wconf 71' lang='lat' dir='ltr'><strong>verbo</strong></span> 
     </span>
     <span class='ocr_line' id='line_1_25' title="bbox 162 1280 1713 1325; baseline -0.001 -11"><span class='ocrx_word' id='word_1_248' title='bbox 162 1281 362 1325; x_wconf 87' lang='lat' dir='ltr'><strong>prodest</strong></span> <span class='ocrx_word' id='word_1_249' title='bbox 387 1281 515 1314; x_wconf 69' lang='lat' dir='ltr'><strong>vitium</strong></span> <span class='ocrx_word' id='word_1_250' title='bbox 532 1282 631 1319; x_wconf 81' lang='lat' dir='ltr'><strong>latet,</strong></span> <span class='ocrx_word' id='word_1_251' title='bbox 660 1281 757 1324; x_wconf 87' lang='lat' dir='ltr'><strong>quod</strong></span> <span class='ocrx_word' id='word_1_252' title='bbox 775 1292 852 1315; x_wconf 91' lang='lat' dir='ltr'><strong>esse</strong></span> <span class='ocrx_word' id='word_1_253' title='bbox 871 1281 1002 1315; x_wconf 87' lang='lat' dir='ltr'><strong>debeat</strong></span> <span class='ocrx_word' id='word_1_254' title='bbox 1028 1292 1109 1325; x_wconf 90' lang='lat' dir='ltr'><strong>pro</strong></span> <span class='ocrx_word' id='word_1_255' title='bbox 1136 1282 1356 1325; x_wconf 87' lang='lat' dir='ltr'><strong>praeside</strong></span> <span class='ocrx_word' id='word_1_256' title='bbox 1383 1286 1460 1316; x_wconf 91' lang='lat' dir='ltr'><strong>est.</strong></span> <span class='ocrx_word' id='word_1_257' title='bbox 1511 1280 1578 1314; x_wconf 88' lang='lat' dir='ltr'><strong>Est</strong></span> <span class='ocrx_word' id='word_1_258' title='bbox 1596 1284 1713 1314; x_wconf 86' lang='lat' dir='ltr'><strong>autem</strong></span> 
     </span>
     <span class='ocr_line' id='line_1_26' title="bbox 163 1328 1713 1373; baseline -0.001 -11"><span class='ocrx_word' id='word_1_259' title='bbox 163 1339 353 1372; x_wconf 90' lang='lat' dir='ltr'><strong>praeses</strong></span> <span class='ocrx_word' id='word_1_260' title='bbox 389 1332 521 1367; x_wconf 89' lang='lat' dir='ltr'><strong>custos,</strong></span> <span class='ocrx_word' id='word_1_261' title='bbox 561 1328 704 1368; x_wconf 78' lang='lat' dir='ltr'><strong>vindex,</strong></span> <span class='ocrx_word' id='word_1_262' title='bbox 739 1328 914 1367; x_wconf 74' lang='lat' dir='ltr'><strong>adsertor,</strong></span> <span class='ocrx_word' id='word_1_263' title='bbox 951 1340 969 1362; x_wconf 88' lang='lat' dir='ltr'><strong>a</strong></span> <span class='ocrx_word' id='word_1_264' title='bbox 995 1340 1065 1372; x_wconf 89' lang='lat' dir='ltr'><strong>quo</strong></span> <span class='ocrx_word' id='word_1_265' title='bbox 1092 1329 1315 1373; x_wconf 88' lang='lat' dir='ltr'><strong>praesidium</strong></span> <span class='ocrx_word' id='word_1_266' title='bbox 1340 1329 1629 1373; x_wconf 60' lang='lat' dir='ltr'><strong>patrocinium-ve</strong></span> <span class='ocrx_word' id='word_1_267' title='bbox 1655 1338 1713 1360; x_wconf 82' lang='lat' dir='ltr'><strong>ex-</strong></span> 
     </span>
     <span class='ocr_line' id='line_1_27' title="bbox 164 1373 1712 1420; baseline -0.001 -10"><span class='ocrx_word' id='word_1_268' title='bbox 164 1379 316 1420; x_wconf 64' lang='lat' dir='ltr'><strong>spectes</strong></span> <span class='ocrx_word' id='word_1_269' title='bbox 368 1374 493 1418; x_wconf 74' lang='lat' dir='ltr'><strong>Neque</strong></span> <span class='ocrx_word' id='word_1_270' title='bbox 518 1379 661 1408; x_wconf 90' lang='lat' dir='ltr'><strong>tantum</strong></span> <span class='ocrx_word' id='word_1_271' title='bbox 687 1375 747 1408; x_wconf 90' lang='lat' dir='ltr'><strong>dii.</strong></span> <span class='ocrx_word' id='word_1_272' title='bbox 776 1376 839 1409; x_wconf 88' lang='lat' dir='ltr'><strong>sed</strong></span> <span class='ocrx_word' id='word_1_273' title='bbox 866 1376 975 1409; x_wconf 85' lang='lat' dir='ltr'><strong>etiam</strong></span> <span class='ocrx_word' id='word_1_274' title='bbox 1000 1376 1164 1410; x_wconf 86' lang='lat' dir='ltr'><strong>homines</strong></span> <span class='ocrx_word' id='word_1_275' title='bbox 1191 1387 1234 1410; x_wconf 92' lang='lat' dir='ltr'><strong>eo</strong></span> <span class='ocrx_word' id='word_1_276' title='bbox 1260 1377 1406 1410; x_wconf 89' lang='lat' dir='ltr'><strong>nomine</strong></span> <span class='ocrx_word' id='word_1_277' title='bbox 1432 1381 1618 1409; x_wconf 85' lang='lat' dir='ltr'><strong>vocantur.</strong></span> <span class='ocrx_word' id='word_1_278' title='bbox 1660 1373 1712 1409; x_wconf 89' lang='lat' dir='ltr'><strong>Cf.</strong></span> 
     </span>
     <span class='ocr_line' id='line_1_28' title="bbox 165 1421 1714 1468; baseline -0.001 -12"><span class='ocrx_word' id='word_1_279' title='bbox 165 1422 239 1457; x_wconf 90' lang='lat' dir='ltr'><strong>Cic.</strong></span> <span class='ocrx_word' id='word_1_280' title='bbox 266 1434 333 1467; x_wconf 89' lang='lat' dir='ltr'><strong>pro</strong></span> <span class='ocrx_word' id='word_1_281' title='bbox 359 1421 453 1457; x_wconf 89' lang='lat' dir='ltr'><strong>Sest.</strong></span> <span class='ocrx_word' id='word_1_282' title='bbox 481 1423 536 1457; x_wconf 88' lang='lat'><strong>65.</strong></span> <span class='ocrx_word' id='word_1_283' title='bbox 564 1426 729 1456; x_wconf 86' lang='lat' dir='ltr'><strong>senatum</strong></span> <span class='ocrx_word' id='word_1_284' title='bbox 762 1423 852 1466; x_wconf 90' lang='lat' dir='ltr'><strong>reip.</strong></span> <span class='ocrx_word' id='word_1_285' title='bbox 880 1423 1068 1457; x_wconf 86' lang='lat' dir='ltr'><strong>custodem</strong></span> <span class='ocrx_word' id='word_1_286' title='bbox 1103 1423 1370 1467; x_wconf 87' lang='lat' dir='ltr'><strong>praesidem</strong></span> <span class='ocrx_word' id='word_1_287' title='bbox 1400 1426 1714 1468; x_wconf 75' lang='lat' dir='ltr'><strong>propugnatorem</strong></span> 
     </span>
     <span class='ocr_line' id='line_1_29' title="bbox 164 1469 1713 1515; baseline -0.002 -11"><span class='ocrx_word' id='word_1_288' title='bbox 164 1469 443 1504; x_wconf 83' lang='lat' dir='ltr'><strong>collocaverunt.</strong></span> <span class='ocrx_word' id='word_1_289' title='bbox 479 1469 523 1504; x_wconf 91' lang='lat' dir='ltr'><strong>de</strong></span> <span class='ocrx_word' id='word_1_290' title='bbox 555 1470 623 1513; x_wconf 82' lang='lat' dir='ltr'><strong>leg.</strong></span> <span class='ocrx_word' id='word_1_291' title='bbox 658 1481 776 1515; x_wconf 84' lang='lat' dir='ltr'><strong>agrar.</strong></span> <span class='ocrx_word' id='word_1_292' title='bbox 809 1469 860 1505; x_wconf 89' lang='grc' dir='ltr'><strong>Π.</strong></span> <span class='ocrx_word' id='word_1_293' title='bbox 888 1471 918 1505; x_wconf 89' lang='grc'><strong>6.</strong></span> <span class='ocrx_word' id='word_1_294' title='bbox 953 1481 1020 1514; x_wconf 90' lang='lat' dir='ltr'><strong>per</strong></span> <span class='ocrx_word' id='word_1_295' title='bbox 1052 1471 1240 1504; x_wconf 84' lang='lat' dir='ltr'><strong>tribunum</strong></span> <span class='ocrx_word' id='word_1_296' title='bbox 1265 1471 1393 1515; x_wconf 85' lang='lat' dir='ltr'><strong>plebis,</strong></span> <span class='ocrx_word' id='word_1_297' title='bbox 1428 1482 1533 1514; x_wconf 86' lang='lat' dir='ltr'><strong>quem</strong></span> <span class='ocrx_word' id='word_1_298' title='bbox 1558 1469 1713 1503; x_wconf 89' lang='lat' dir='ltr'><strong>maiores</strong></span> 
     </span>
     <span class='ocr_line' id='line_1_30' title="bbox 165 1516 1712 1562; baseline -0.001 -12"><span class='ocrx_word' id='word_1_299' title='bbox 165 1517 427 1562; x_wconf 86' lang='lat' dir='ltr'><strong>praesidem</strong></span> <span class='ocrx_word' id='word_1_300' title='bbox 459 1517 642 1551; x_wconf 84' lang='lat' dir='ltr'><strong>libertatis</strong></span> <span class='ocrx_word' id='word_1_301' title='bbox 677 1517 938 1561; x_wconf 88' lang='lat' dir='ltr'><strong>custodemque</strong></span> <span class='ocrx_word' id='word_1_302' title='bbox 971 1528 1049 1551; x_wconf 85' lang='lat' dir='ltr'><strong>esse</strong></span> <span class='ocrx_word' id='word_1_303' title='bbox 1081 1517 1285 1553; x_wconf 80' lang='lat' dir='ltr'><strong>voluerunt.</strong></span> <span class='ocrx_word' id='word_1_304' title='bbox 1320 1518 1398 1553; x_wconf 78' lang='lat' dir='ltr'><strong>Liv.</strong></span> <span class='ocrx_word' id='word_1_305' title='bbox 1434 1520 1465 1559; x_wconf 84' lang='lat'><strong>6,</strong></span> <span class='ocrx_word' id='word_1_306' title='bbox 1496 1518 1548 1552; x_wconf 83' lang='lat'><strong>16.</strong></span> <span class='ocrx_word' id='word_1_307' title='bbox 1575 1517 1626 1550; x_wconf 92' lang='lat' dir='ltr'><strong>dii</strong></span> <span class='ocrx_word' id='word_1_308' title='bbox 1652 1516 1712 1550; x_wconf 88' lang='lat' dir='ltr'><strong>de-</strong></span> 
     </span>
     <span class='ocr_line' id='line_1_31' title="bbox 163 1563 1714 1608; baseline -0.002 -9"><span class='ocrx_word' id='word_1_309' title='bbox 163 1575 276 1608; x_wconf 87' lang='lat' dir='ltr'><strong>aeque</strong></span> <span class='ocrx_word' id='word_1_310' title='bbox 313 1565 374 1607; x_wconf 89' lang='lat' dir='ltr'><strong>qui</strong></span> <span class='ocrx_word' id='word_1_311' title='bbox 413 1563 633 1607; x_wconf 88' lang='lat' dir='ltr'><strong>Capitolium</strong></span> <span class='ocrx_word' id='word_1_312' title='bbox 671 1576 863 1608; x_wconf 84' lang='lat' dir='ltr'><strong>arcemque</strong></span> <span class='ocrx_word' id='word_1_313' title='bbox 901 1565 1072 1603; x_wconf 82' lang='lat' dir='ltr'><strong>incolitis,</strong></span> <span class='ocrx_word' id='word_1_314' title='bbox 1113 1565 1247 1599; x_wconf 89' lang='lat' dir='ltr'><strong>siccine</strong></span> <span class='ocrx_word' id='word_1_315' title='bbox 1285 1573 1448 1599; x_wconf 77' lang='lat' dir='ltr'><strong>vestrum</strong></span> <span class='ocrx_word' id='word_1_316' title='bbox 1484 1565 1638 1598; x_wconf 88' lang='lat' dir='ltr'><strong>militem</strong></span> <span class='ocrx_word' id='word_1_317' title='bbox 1673 1574 1714 1596; x_wconf 89' lang='lat' dir='ltr'><strong>ac</strong></span> 
     </span>
     <span class='ocr_line' id='line_1_32' title="bbox 163 1611 1711 1656; baseline -0.001 -11"><span class='ocrx_word' id='word_1_318' title='bbox 163 1611 426 1656; x_wconf 86' lang='lat' dir='ltr'><strong>praesidem</strong></span> <span class='ocrx_word' id='word_1_319' title='bbox 453 1611 570 1644; x_wconf 90' lang='lat' dir='ltr'><strong>sinitis</strong></span> <span class='ocrx_word' id='word_1_320' title='bbox 596 1612 722 1644; x_wconf 80' lang='lat' dir='ltr'><strong>vexari</strong></span> <span class='ocrx_word' id='word_1_321' title='bbox 747 1611 792 1645; x_wconf 86' lang='lat' dir='ltr'><strong>ab</strong></span> <span class='ocrx_word' id='word_1_322' title='bbox 818 1612 997 1645; x_wconf 81' lang='lat' dir='ltr'><strong>inimicis?</strong></span> <span class='ocrx_word' id='word_1_323' title='bbox 1034 1613 1089 1653; x_wconf 76' lang='lat'><strong>23,</strong></span> <span class='ocrx_word' id='word_1_324' title='bbox 1116 1613 1171 1647; x_wconf 67' lang='lat'>48.</span> <span class='ocrx_word' id='word_1_325' title='bbox 1200 1613 1260 1646; x_wconf 67' lang='lat' dir='ltr'><strong>vix</strong></span> <span class='ocrx_word' id='word_1_326' title='bbox 1286 1613 1530 1656; x_wconf 85' lang='lat' dir='ltr'><strong>praesides</strong></span> <span class='ocrx_word' id='word_1_327' title='bbox 1564 1611 1711 1656; x_wconf 82' lang='lat' dir='ltr'><strong>provin-</strong></span> 
     </span>
     <span class='ocr_line' id='line_1_33' title="bbox 165 1658 1712 1704; baseline -0.001 -12"><span class='ocrx_word' id='word_1_328' title='bbox 165 1659 303 1693; x_wconf 86' lang='lat' dir='ltr'><strong>ciarum</strong></span> <span class='ocrx_word' id='word_1_329' title='bbox 329 1659 510 1692; x_wconf 84' lang='lat' dir='ltr'><strong>exercitus</strong></span> <span class='ocrx_word' id='word_1_330' title='bbox 543 1658 649 1693; x_wconf 88' lang='lat' dir='ltr'><strong>alere.</strong></span> <span class='ocrx_word' id='word_1_331' title='bbox 699 1658 783 1692; x_wconf 89' lang='lat' dir='ltr'><strong>Hoc</strong></span> <span class='ocrx_word' id='word_1_332' title='bbox 816 1659 930 1703; x_wconf 85' lang='lat' dir='ltr'><strong>igitur</strong></span> <span class='ocrx_word' id='word_1_333' title='bbox 957 1659 1146 1699; x_wconf 87' lang='lat' dir='ltr'><strong>sententia,</strong></span> <span class='ocrx_word' id='word_1_334' title='bbox 1182 1660 1243 1703; x_wconf 91' lang='lat' dir='ltr'><strong>qui</strong></span> <span class='ocrx_word' id='word_1_335' title='bbox 1270 1671 1353 1693; x_wconf 89' lang='lat' dir='ltr'><strong>cum</strong></span> <span class='ocrx_word' id='word_1_336' title='bbox 1378 1660 1505 1704; x_wconf 85' lang='lat' dir='ltr'><strong>possit,</strong></span> <span class='ocrx_word' id='word_1_337' title='bbox 1532 1659 1624 1692; x_wconf 87' lang='lat' dir='ltr'><strong>nolit</strong></span> <span class='ocrx_word' id='word_1_338' title='bbox 1648 1669 1712 1691; x_wconf 93' lang='lat' dir='ltr'><strong>no-</strong></span> 
     </span>
     <span class='ocr_line' id='line_1_34' title="bbox 164 1705 1711 1749; baseline -0.001 -10"><span class='ocrx_word' id='word_1_339' title='bbox 164 1717 256 1745; x_wconf 91' lang='lat' dir='ltr'><strong>cere,</strong></span> <span class='ocrx_word' id='word_1_340' title='bbox 291 1716 373 1739; x_wconf 90' lang='lat' dir='ltr'><strong>eum</strong></span> <span class='ocrx_word' id='word_1_341' title='bbox 399 1710 594 1749; x_wconf 87' lang='lat' dir='ltr'><strong>patronum</strong></span> <span class='ocrx_word' id='word_1_342' title='bbox 620 1706 903 1740; x_wconf 84' lang='lat' dir='ltr'><strong>existimandum</strong></span> <span class='ocrx_word' id='word_1_343' title='bbox 930 1718 1007 1740; x_wconf 90' lang='lat' dir='ltr'><strong>esse</strong></span> <span class='ocrx_word' id='word_1_344' title='bbox 1034 1706 1151 1741; x_wconf 90' lang='lat' dir='ltr'><strong>docet.</strong></span> <span class='ocrx_word' id='word_1_345' title='bbox 1203 1706 1296 1740; x_wconf 78' lang='lat' dir='ltr'><strong>Nam</strong></span> <span class='ocrx_word' id='word_1_346' title='bbox 1322 1718 1454 1741; x_wconf 88' lang='lat' dir='ltr'><strong>nocere</strong></span> <span class='ocrx_word' id='word_1_347' title='bbox 1478 1707 1578 1740; x_wconf 89' lang='lat' dir='ltr'><strong>nolle</strong></span> <span class='ocrx_word' id='word_1_348' title='bbox 1603 1705 1711 1739; x_wconf 87' lang='lat' dir='ltr'><strong>bene-</strong></span> 
     </span>
     <span class='ocr_line' id='line_1_35' title="bbox 162 1751 1713 1797; baseline 0 -11"><span class='ocrx_word' id='word_1_349' title='bbox 162 1753 318 1787; x_wconf 79' lang='lat' dir='ltr'><strong>volentis</strong></span> <span class='ocrx_word' id='word_1_350' title='bbox 345 1756 399 1786; x_wconf 87' lang='lat' dir='ltr'><strong>est</strong></span> <span class='ocrx_word' id='word_1_351' title='bbox 425 1752 469 1786; x_wconf 90' lang='lat' dir='ltr'><strong>cf.</strong></span> <span class='ocrx_word' id='word_1_352' title='bbox 497 1751 603 1786; x_wconf 88' lang='lat' dir='ltr'><strong>Publ.</strong></span> <span class='ocrx_word' id='word_1_353' title='bbox 630 1751 664 1786; x_wconf 77' lang='lat' dir='ltr'>N</span> <span class='ocrx_word' id='word_1_354' title='bbox 690 1754 733 1787; x_wconf 77' lang='lat'><strong>21</strong></span> <span class='ocrx_word' id='word_1_355' title='bbox 760 1753 872 1797; x_wconf 79' lang='lat'>(397).</span> <span class='ocrx_word' id='word_1_356' title='bbox 912 1752 994 1787; x_wconf 89' lang='lat' dir='ltr'><strong>Sen.</strong></span> <span class='ocrx_word' id='word_1_357' title='bbox 1023 1753 1067 1787; x_wconf 89' lang='lat' dir='ltr'><strong>de</strong></span> <span class='ocrx_word' id='word_1_358' title='bbox 1084 1753 1202 1789; x_wconf 88' lang='lat' dir='ltr'><strong>benef.</strong></span> <span class='ocrx_word' id='word_1_359' title='bbox 1221 1753 1290 1788; x_wconf 71' lang='lat' dir='ltr'>VI.</span> <span class='ocrx_word' id='word_1_360' title='bbox 1310 1755 1340 1793; x_wconf 75' lang='lat'><strong>7,</strong></span> <span class='ocrx_word' id='word_1_361' title='bbox 1361 1755 1391 1789; x_wconf 85' lang='lat'>3.</span> <span class='ocrx_word' id='word_1_362' title='bbox 1412 1754 1472 1797; x_wconf 84' lang='lat' dir='ltr'><strong>qui</strong></span> <span class='ocrx_word' id='word_1_363' title='bbox 1497 1753 1713 1788; x_wconf 88' lang='lat' dir='ltr'><strong>beneficium</strong></span> 
     </span>
     <span class='ocr_line' id='line_1_36' title="bbox 162 1799 1712 1844; baseline -0.001 -10"><span class='ocrx_word' id='word_1_364' title='bbox 162 1800 253 1834; x_wconf 89' lang='lat' dir='ltr'><strong>mihi</strong></span> <span class='ocrx_word' id='word_1_365' title='bbox 285 1800 435 1833; x_wconf 85' lang='lat' dir='ltr'><strong>daturus</strong></span> <span class='ocrx_word' id='word_1_366' title='bbox 468 1804 533 1833; x_wconf 89' lang='lat' dir='ltr'><strong>est.</strong></span> <span class='ocrx_word' id='word_1_367' title='bbox 569 1799 678 1834; x_wconf 90' lang='lat' dir='ltr'><strong>debet</strong></span> <span class='ocrx_word' id='word_1_368' title='bbox 710 1811 786 1834; x_wconf 92' lang='lat' dir='ltr'><strong>non</strong></span> <span class='ocrx_word' id='word_1_369' title='bbox 818 1803 963 1834; x_wconf 88' lang='lat' dir='ltr'><strong>tantum</strong></span> <span class='ocrx_word' id='word_1_370' title='bbox 996 1801 1178 1844; x_wconf 87' lang='lat' dir='ltr'><strong>prodesse,</strong></span> <span class='ocrx_word' id='word_1_371' title='bbox 1215 1801 1278 1836; x_wconf 90' lang='lat' dir='ltr'><strong>sed</strong></span> <span class='ocrx_word' id='word_1_372' title='bbox 1303 1801 1407 1837; x_wconf 89' lang='lat' dir='ltr'><strong>velle.</strong></span> <span class='ocrx_word' id='word_1_373' title='bbox 1441 1802 1472 1841; x_wconf 85' lang='lat'><strong>9,</strong></span> <span class='ocrx_word' id='word_1_374' title='bbox 1501 1801 1531 1836; x_wconf 81' lang='grc'><strong>3.</strong></span> <span class='ocrx_word' id='word_1_375' title='bbox 1558 1812 1632 1834; x_wconf 90' lang='lat' dir='ltr'><strong>non</strong></span> <span class='ocrx_word' id='word_1_376' title='bbox 1658 1804 1712 1834; x_wconf 91' lang='lat' dir='ltr'><strong>est</strong></span> 
     </span>
     <span class='ocr_line' id='line_1_37' title="bbox 163 1847 1712 1893; baseline 0.001 -13"><span class='ocrx_word' id='word_1_377' title='bbox 163 1847 390 1888; x_wconf 85' lang='lat' dir='ltr'><strong>beneficium,</strong></span> <span class='ocrx_word' id='word_1_378' title='bbox 425 1847 495 1881; x_wconf 89' lang='lat' dir='ltr'><strong>nisi</strong></span> <span class='ocrx_word' id='word_1_379' title='bbox 529 1847 627 1890; x_wconf 90' lang='lat' dir='ltr'><strong>quod</strong></span> <span class='ocrx_word' id='word_1_380' title='bbox 661 1859 680 1880; x_wconf 90' lang='lat' dir='ltr'><strong>a</strong></span> <span class='ocrx_word' id='word_1_381' title='bbox 714 1848 809 1881; x_wconf 86' lang='lat' dir='ltr'><strong>bona</strong></span> <span class='ocrx_word' id='word_1_382' title='bbox 834 1848 1023 1882; x_wconf 80' lang='lat' dir='ltr'><strong>voluntate</strong></span> <span class='ocrx_word' id='word_1_383' title='bbox 1048 1848 1300 1892; x_wconf 86' lang='lat' dir='ltr'><strong>proficiscitur,</strong></span> <span class='ocrx_word' id='word_1_384' title='bbox 1334 1849 1405 1882; x_wconf 89' lang='lat' dir='ltr'><strong>nisi</strong></span> <span class='ocrx_word' id='word_1_385' title='bbox 1429 1849 1521 1882; x_wconf 90' lang='lat' dir='ltr'><strong>illud</strong></span> <span class='ocrx_word' id='word_1_386' title='bbox 1547 1848 1712 1893; x_wconf 79' lang='lat' dir='ltr'><strong>agnoscit</strong></span> 
     </span>
     <span class='ocr_line' id='line_1_38' title="bbox 163 1893 1713 1940; baseline 0 -12"><span class='ocrx_word' id='word_1_387' title='bbox 163 1894 225 1938; x_wconf 86' lang='lat' dir='ltr'><strong>qui</strong></span> <span class='ocrx_word' id='word_1_388' title='bbox 243 1894 354 1929; x_wconf 84' lang='lat' dir='ltr'><strong>dedit.</strong></span> <span class='ocrx_word' id='word_1_389' title='bbox 392 1893 535 1928; x_wconf 80' lang='lat' dir='ltr'><strong>Profuit</strong></span> <span class='ocrx_word' id='word_1_390' title='bbox 553 1894 682 1937; x_wconf 87' lang='lat' dir='ltr'><strong>aliquis</strong></span> <span class='ocrx_word' id='word_1_391' title='bbox 703 1895 804 1935; x_wconf 91' lang='lat' dir='ltr'><strong>mihi,</strong></span> <span class='ocrx_word' id='word_1_392' title='bbox 831 1895 918 1928; x_wconf 89' lang='lat' dir='ltr'><strong>dum</strong></span> <span class='ocrx_word' id='word_1_393' title='bbox 943 1896 1077 1930; x_wconf 88' lang='lat' dir='ltr'><strong>nescit:</strong></span> <span class='ocrx_word' id='word_1_394' title='bbox 1104 1896 1196 1929; x_wconf 89' lang='lat' dir='ltr'><strong>nihil</strong></span> <span class='ocrx_word' id='word_1_395' title='bbox 1221 1896 1276 1929; x_wconf 88' lang='lat' dir='ltr'><strong>illi</strong></span> <span class='ocrx_word' id='word_1_396' title='bbox 1303 1896 1428 1931; x_wconf 83' lang='lat' dir='ltr'><strong>debeo.</strong></span> <span class='ocrx_word' id='word_1_397' title='bbox 1455 1895 1604 1940; x_wconf 85' lang='lat' dir='ltr'><strong>profuit,</strong></span> <span class='ocrx_word' id='word_1_398' title='bbox 1632 1906 1713 1928; x_wconf 87' lang='lat' dir='ltr'><strong>cum</strong></span> 
     </span>
     <span class='ocr_line' id='line_1_39' title="bbox 162 1941 802 1986; baseline 0.002 -12"><span class='ocrx_word' id='word_1_399' title='bbox 162 1941 273 1976; x_wconf 84' lang='lat' dir='ltr'><strong>vellet</strong></span> <span class='ocrx_word' id='word_1_400' title='bbox 297 1952 448 1975; x_wconf 91' lang='lat' dir='ltr'><strong>nocere:</strong></span> <span class='ocrx_word' id='word_1_401' title='bbox 475 1941 648 1975; x_wconf 77' lang='lat' dir='ltr'><strong>imitabor</strong></span> <span class='ocrx_word' id='word_1_402' title='bbox 672 1942 802 1986; x_wconf 86' lang='lat' dir='ltr'><strong>ipsum.</strong></span> 
     </span>
    </p>

    <p class='ocr_par' dir='ltr' id='par_1_6' title="bbox 161 1988 1712 2270">
     <span class='ocr_line' id='line_1_40' title="bbox 258 1988 1711 2033; baseline -0.001 -9"><span class='ocrx_word' id='word_1_403' title='bbox 258 1989 312 2024; x_wconf 85' lang='lat'><strong>30.</strong></span> <span class='ocrx_word' id='word_1_404' title='bbox 350 1988 449 2022; x_wconf 74' lang='lat' dir='ltr'><strong>Malo</strong></span> <span class='ocrx_word' id='word_1_405' title='bbox 483 1989 701 2023; x_wconf 80' lang='lat' dir='ltr'><strong>indicativos</strong></span> <span class='ocrx_word' id='word_1_406' title='bbox 736 1989 957 2023; x_wconf 84' lang='lat' dir='ltr'><strong>concedis</strong></span> <span class='ocrx_word' id='word_1_407' title='bbox 985 2016 991 2023; x_wconf 97' lang='lat'><strong>.</strong></span> <span class='ocrx_word' id='word_1_408' title='bbox 1021 2017 1028 2025; x_wconf 93' lang='lat'><strong>.</strong></span> <span class='ocrx_word' id='word_1_409' title='bbox 1055 2016 1062 2022; x_wconf 94' lang='lat'><strong>.</strong></span> <span class='ocrx_word' id='word_1_410' title='bbox 1100 1989 1197 2023; x_wconf 85' lang='lat' dir='ltr'><strong>das:</strong></span> <span class='ocrx_word' id='word_1_411' title='bbox 1236 1993 1398 2033; x_wconf 83' lang='lat' dir='ltr'><strong>praestat</strong></span> <span class='ocrx_word' id='word_1_412' title='bbox 1429 1990 1526 2023; x_wconf 91' lang='lat' dir='ltr'><strong>enim</strong></span> <span class='ocrx_word' id='word_1_413' title='bbox 1551 1989 1711 2024; x_wconf 81' lang='lat' dir='ltr'><strong>omnium</strong></span> 
     </span>
     <span class='ocr_line' id='line_1_41' title="bbox 161 2035 1711 2080; baseline 0 -11"><span class='ocrx_word' id='word_1_414' title='bbox 161 2035 423 2070; x_wconf 88' lang='lat' dir='ltr'><strong>beneficiorum</strong></span> <span class='ocrx_word' id='word_1_415' title='bbox 453 2036 549 2069; x_wconf 88' lang='lat' dir='ltr'><strong>bono</strong></span> <span class='ocrx_word' id='word_1_416' title='bbox 582 2047 834 2070; x_wconf 86' lang='lat' dir='ltr'><strong>concessorum</strong></span> <span class='ocrx_word' id='word_1_417' title='bbox 864 2040 1007 2080; x_wconf 86' lang='lat' dir='ltr'><strong>partem</strong></span> <span class='ocrx_word' id='word_1_418' title='bbox 1041 2037 1256 2071; x_wconf 90' lang='lat' dir='ltr'><strong>concedenti</strong></span> <span class='ocrx_word' id='word_1_419' title='bbox 1289 2037 1368 2070; x_wconf 85' lang='lat' dir='ltr'><strong>dari</strong></span> <span class='ocrx_word' id='word_1_420' title='bbox 1400 2038 1451 2071; x_wconf 88' lang='lat' dir='ltr'><strong>sie</strong></span> <span class='ocrx_word' id='word_1_421' title='bbox 1477 2037 1560 2076; x_wconf 89' lang='grc'><strong>(1161,</strong></span> <span class='ocrx_word' id='word_1_422' title='bbox 1593 2040 1633 2070; x_wconf 83' lang='lat' dir='ltr'><strong>ut</strong></span> <span class='ocrx_word' id='word_1_423' title='bbox 1658 2036 1711 2069; x_wconf 90' lang='lat' dir='ltr'><strong>in-</strong></span> 
     </span>
     <span class='ocr_line' id='line_1_42' title="bbox 163 2083 1712 2127; baseline 0 -11"><span class='ocrx_word' id='word_1_424' title='bbox 163 2086 285 2117; x_wconf 84' lang='lat' dir='ltr'><strong>certae</strong></span> <span class='ocrx_word' id='word_1_425' title='bbox 311 2083 544 2123; x_wconf 89' lang='lat' dir='ltr'><strong>condicionis,</strong></span> <span class='ocrx_word' id='word_1_426' title='bbox 571 2094 663 2126; x_wconf 89' lang='lat' dir='ltr'><strong>quae</strong></span> <span class='ocrx_word' id='word_1_427' title='bbox 689 2083 785 2117; x_wconf 91' lang='lat' dir='ltr'><strong>inest</strong></span> <span class='ocrx_word' id='word_1_428' title='bbox 809 2084 847 2116; x_wconf 90' lang='lat' dir='ltr'><strong>in</strong></span> <span class='ocrx_word' id='word_1_429' title='bbox 873 2084 1123 2121; x_wconf 85' lang='lat' dir='ltr'><strong>coniunctivis,</strong></span> <span class='ocrx_word' id='word_1_430' title='bbox 1150 2084 1242 2118; x_wconf 91' lang='lat' dir='ltr'><strong>nihil</strong></span> <span class='ocrx_word' id='word_1_431' title='bbox 1267 2084 1504 2127; x_wconf 88' lang='lat' dir='ltr'><strong>relinquatur.</strong></span> <span class='ocrx_word' id='word_1_432' title='bbox 1533 2083 1587 2118; x_wconf 87' lang='lat' dir='ltr'><strong>Cf.</strong></span> <span class='ocrx_word' id='word_1_433' title='bbox 1606 2083 1712 2117; x_wconf 88' lang='lat' dir='ltr'><strong>Publ.</strong></span> 
     </span>
     <span class='ocr_line' id='line_1_43' title="bbox 165 2129 1711 2175; baseline 0 -11"><span class='ocrx_word' id='word_1_434' title='bbox 165 2129 192 2164; x_wconf 90' lang='lat' dir='ltr'><strong>C</strong></span> <span class='ocrx_word' id='word_1_435' title='bbox 218 2130 263 2164; x_wconf 70' lang='lat'><strong>44</strong></span> <span class='ocrx_word' id='word_1_436' title='bbox 290 2130 403 2174; x_wconf 76' lang='lat'>(658).</span> <span class='ocrx_word' id='word_1_437' title='bbox 433 2129 495 2172; x_wconf 81' lang='lat' dir='ltr'><strong>„Si</strong></span> <span class='ocrx_word' id='word_1_438' title='bbox 520 2130 606 2173; x_wconf 86' lang='lat' dir='ltr'><strong>quid</strong></span> <span class='ocrx_word' id='word_1_439' title='bbox 632 2130 798 2164; x_wconf 88' lang='lat' dir='ltr'><strong>beneficii</strong></span> <span class='ocrx_word' id='word_1_440' title='bbox 824 2130 962 2164; x_wconf 90' lang='lat' dir='ltr'><strong>homini</strong></span> <span class='ocrx_word' id='word_1_441' title='bbox 987 2130 1084 2165; x_wconf 91' lang='lat' dir='ltr'><strong>bono</strong></span> <span class='ocrx_word' id='word_1_442' title='bbox 1110 2131 1319 2175; x_wconf 87' lang='lat' dir='ltr'><strong>impertiris,</strong></span> <span class='ocrx_word' id='word_1_443' title='bbox 1347 2131 1415 2165; x_wconf 90' lang='lat' dir='ltr'><strong>tibi</strong></span> <span class='ocrx_word' id='word_1_444' title='bbox 1440 2132 1518 2175; x_wconf 89' lang='lat' dir='ltr'><strong>ipse</strong></span> <span class='ocrx_word' id='word_1_445' title='bbox 1543 2129 1711 2165; x_wconf 88' lang='lat' dir='ltr'><strong>beneficii</strong></span> 
     </span>
     <span class='ocr_line' id='line_1_44' title="bbox 161 2177 1712 2222; baseline 0.001 -12"><span class='ocrx_word' id='word_1_446' title='bbox 161 2179 307 2221; x_wconf 88' lang='lat' dir='ltr'><strong>partem</strong></span> <span class='ocrx_word' id='word_1_447' title='bbox 338 2177 545 2220; x_wconf 87' lang='lat' dir='ltr'><strong>impertitus</strong></span> <span class='ocrx_word' id='word_1_448' title='bbox 571 2177 723 2212; x_wconf 76' lang='lat' dir='ltr'><strong>videris:</strong></span> <span class='ocrx_word' id='word_1_449' title='bbox 757 2181 1040 2212; x_wconf 86' lang='lat' dir='ltr'><strong>consentaneum</strong></span> <span class='ocrx_word' id='word_1_450' title='bbox 1065 2181 1119 2212; x_wconf 87' lang='lat' dir='ltr'><strong>est</strong></span> <span class='ocrx_word' id='word_1_451' title='bbox 1144 2178 1241 2212; x_wconf 88' lang='lat' dir='ltr'><strong>enim</strong></span> <span class='ocrx_word' id='word_1_452' title='bbox 1264 2178 1369 2212; x_wconf 88' lang='lat' dir='ltr'><strong>illum</strong></span> <span class='ocrx_word' id='word_1_453' title='bbox 1395 2179 1536 2222; x_wconf 89' lang='lat' dir='ltr'><strong>accepti</strong></span> <span class='ocrx_word' id='word_1_454' title='bbox 1563 2179 1613 2212; x_wconf 91' lang='lat' dir='ltr'><strong>sic</strong></span> <span class='ocrx_word' id='word_1_455' title='bbox 1638 2189 1712 2211; x_wconf 88' lang='lat' dir='ltr'><strong>me·</strong></span> 
     </span>
     <span class='ocr_line' id='line_1_45' title="bbox 163 2223 1308 2270; baseline 0 -13"><span class='ocrx_word' id='word_1_456' title='bbox 163 2235 305 2258; x_wconf 90' lang='lat' dir='ltr'><strong>morem</strong></span> <span class='ocrx_word' id='word_1_457' title='bbox 329 2223 418 2262; x_wconf 74' lang='lat' dir='ltr'><strong>fore.</strong></span> <span class='ocrx_word' id='word_1_458' title='bbox 446 2228 484 2258; x_wconf 87' lang='lat' dir='ltr'><strong>ut</strong></span> <span class='ocrx_word' id='word_1_459' title='bbox 511 2224 703 2267; x_wconf 89' lang='lat' dir='ltr'><strong>aliquando</strong></span> <span class='ocrx_word' id='word_1_460' title='bbox 730 2225 775 2258; x_wconf 90' lang='lat' dir='ltr'><strong>de</strong></span> <span class='ocrx_word' id='word_1_461' title='bbox 799 2225 918 2268; x_wconf 83' lang='lat' dir='ltr'><strong>gratia</strong></span> <span class='ocrx_word' id='word_1_462' title='bbox 943 2224 1134 2259; x_wconf 88' lang='lat' dir='ltr'><strong>referenda</strong></span> <span class='ocrx_word' id='word_1_463' title='bbox 1160 2225 1308 2270; x_wconf 83' lang='lat' dir='ltr'><strong>cogitet.</strong></span> 
     </span>
    </p>

    <p class='ocr_par' dir='ltr' id='par_1_7' title="bbox 163 2271 1713 2788">
     <span class='ocr_line' id='line_1_46' title="bbox 259 2271 1711 2316; baseline -0.001 -10"><span class='ocrx_word' id='word_1_464' title='bbox 259 2272 314 2306; x_wconf 78' lang='lat'>32.</span> <span class='ocrx_word' id='word_1_465' title='bbox 334 2271 386 2306; x_wconf 78' lang='lat' dir='ltr'><strong>L&#39;t</strong></span> <span class='ocrx_word' id='word_1_466' title='bbox 404 2271 484 2305; x_wconf 89' lang='lat' dir='ltr'><strong>aliis</strong></span> <span class='ocrx_word' id='word_1_467' title='bbox 502 2271 601 2312; x_wconf 86' lang='lat' dir='ltr'><strong>locis,</strong></span> <span class='ocrx_word' id='word_1_468' title='bbox 630 2272 680 2306; x_wconf 88' lang='lat' dir='ltr'><strong>sic</strong></span> <span class='ocrx_word' id='word_1_469' title='bbox 698 2272 807 2305; x_wconf 85' lang='lat' dir='ltr'><strong>etiam</strong></span> <span class='ocrx_word' id='word_1_470' title='bbox 826 2272 884 2306; x_wconf 89' lang='grc'><strong>1116</strong></span> <span class='ocrx_word' id='word_1_471' title='bbox 902 2272 1034 2305; x_wconf 82' lang='lat' dir='ltr'><strong>vitium</strong></span> <span class='ocrx_word' id='word_1_472' title='bbox 1050 2284 1175 2306; x_wconf 86' lang='lat' dir='ltr'><strong>versus</strong></span> <span class='ocrx_word' id='word_1_473' title='bbox 1193 2273 1231 2306; x_wconf 92' lang='lat' dir='ltr'><strong>in</strong></span> <span class='ocrx_word' id='word_1_474' title='bbox 1249 2273 1349 2306; x_wconf 82' lang='lat' dir='ltr'><strong>exitu</strong></span> <span class='ocrx_word' id='word_1_475' title='bbox 1366 2272 1516 2307; x_wconf 85' lang='lat' dir='ltr'><strong>insedit:</strong></span> <span class='ocrx_word' id='word_1_476' title='bbox 1543 2283 1629 2306; x_wconf 86' lang='lat' dir='ltr'><strong>nam</strong></span> <span class='ocrx_word' id='word_1_477' title='bbox 1644 2283 1711 2316; x_wconf 91' lang='lat' dir='ltr'><strong>pro</strong></span> 
     </span>
     <span class='ocr_line' id='line_1_47' title="bbox 173 2319 1712 2364; baseline 0 -12"><span class='ocrx_word' id='word_1_478' title='bbox 173 2323 313 2362; x_wconf 87' lang='lat' dir='ltr'><strong>negat</strong></span> <span class='ocrx_word' id='word_1_479' title='bbox 340 2319 370 2352; x_wconf 91' lang='lat' dir='ltr'><strong>si</strong></span> <span class='ocrx_word' id='word_1_480' title='bbox 395 2330 535 2353; x_wconf 89' lang='lat' dir='ltr'><strong>mecum</strong></span> <span class='ocrx_word' id='word_1_481' title='bbox 560 2319 765 2363; x_wconf 83' lang='lat' dir='ltr'><strong>reposueris</strong></span> <span class='ocrx_word' id='word_1_482' title='bbox 790 2323 946 2360; x_wconf 87' lang='lat' dir='ltr'><strong>nocet,</strong></span> <span class='ocrx_word' id='word_1_483' title='bbox 974 2320 1154 2353; x_wconf 85' lang='lat' dir='ltr'><strong>sententia</strong></span> <span class='ocrx_word' id='word_1_484' title='bbox 1179 2324 1278 2354; x_wconf 86' lang='lat' dir='ltr'><strong>recte</strong></span> <span class='ocrx_word' id='word_1_485' title='bbox 1304 2320 1495 2364; x_wconf 85' lang='lat' dir='ltr'><strong>procedat:</strong></span> <span class='ocrx_word' id='word_1_486' title='bbox 1523 2331 1615 2363; x_wconf 91' lang='lat' dir='ltr'><strong>quae</strong></span> <span class='ocrx_word' id='word_1_487' title='bbox 1639 2319 1712 2352; x_wconf 90' lang='lat' dir='ltr'><strong>for—</strong></span> 
     </span>
     <span class='ocr_line' id='line_1_48' title="bbox 163 2365 1712 2411; baseline 0.001 -13"><span class='ocrx_word' id='word_1_488' title='bbox 163 2377 254 2406; x_wconf 86' lang='lat' dir='ltr'><strong>mae,</strong></span> <span class='ocrx_word' id='word_1_489' title='bbox 294 2365 451 2407; x_wconf 81' lang='lat' dir='ltr'><strong>habitus,</strong></span> <span class='ocrx_word' id='word_1_490' title='bbox 477 2367 631 2400; x_wconf 81' lang='lat' dir='ltr'><strong>vestitus</strong></span> <span class='ocrx_word' id='word_1_491' title='bbox 658 2365 890 2400; x_wconf 84' lang='lat' dir='ltr'><strong>affectatione</strong></span> <span class='ocrx_word' id='word_1_492' title='bbox 916 2366 1062 2410; x_wconf 90' lang='lat' dir='ltr'><strong>placere</strong></span> <span class='ocrx_word' id='word_1_493' title='bbox 1088 2367 1221 2408; x_wconf 87' lang='lat' dir='ltr'><strong>studet,</strong></span> <span class='ocrx_word' id='word_1_494' title='bbox 1248 2367 1303 2400; x_wconf 90' lang='lat' dir='ltr'><strong>illi</strong></span> <span class='ocrx_word' id='word_1_495' title='bbox 1329 2367 1404 2401; x_wconf 90' lang='lat' dir='ltr'><strong>eius</strong></span> <span class='ocrx_word' id='word_1_496' title='bbox 1429 2367 1542 2411; x_wconf 87' lang='lat' dir='ltr'><strong>ipsius</strong></span> <span class='ocrx_word' id='word_1_497' title='bbox 1568 2366 1712 2400; x_wconf 85' lang='lat' dir='ltr'><strong>affecta-</strong></span> 
     </span>
     <span class='ocr_line' id='line_1_49' title="bbox 165 2413 1713 2459; baseline 0.001 -14"><span class='ocrx_word' id='word_1_498' title='bbox 165 2413 276 2446; x_wconf 87' lang='lat' dir='ltr'><strong>tionis</strong></span> <span class='ocrx_word' id='word_1_499' title='bbox 302 2413 555 2456; x_wconf 79' lang='lat' dir='ltr'><strong>exsuperantia</strong></span> <span class='ocrx_word' id='word_1_500' title='bbox 581 2414 633 2447; x_wconf 88' lang='lat' dir='ltr'><strong>ita</strong></span> <span class='ocrx_word' id='word_1_501' title='bbox 660 2416 776 2454; x_wconf 83' lang='lat' dir='ltr'><strong>nocet,</strong></span> <span class='ocrx_word' id='word_1_502' title='bbox 802 2417 843 2447; x_wconf 93' lang='lat' dir='ltr'><strong>ut</strong></span> <span class='ocrx_word' id='word_1_503' title='bbox 868 2414 989 2459; x_wconf 89' lang='lat' dir='ltr'><strong>potius</strong></span> <span class='ocrx_word' id='word_1_504' title='bbox 1016 2413 1208 2458; x_wconf 85' lang='lat' dir='ltr'><strong>displiceat</strong></span> <span class='ocrx_word' id='word_1_505' title='bbox 1234 2426 1341 2457; x_wconf 90' lang='lat' dir='ltr'><strong>quam</strong></span> <span class='ocrx_word' id='word_1_506' title='bbox 1366 2415 1522 2458; x_wconf 87' lang='lat' dir='ltr'><strong>placeat.</strong></span> <span class='ocrx_word' id='word_1_507' title='bbox 1564 2413 1713 2448; x_wconf 77' lang='lat' dir='ltr'><strong>Nocet</strong></span> 
     </span>
     <span class='ocr_line' id='line_1_50' title="bbox 166 2459 1712 2504; baseline 0.001 -12"><span class='ocrx_word' id='word_1_508' title='bbox 166 2459 189 2492; x_wconf 91' lang='lat' dir='ltr'><strong>i.</strong></span> <span class='ocrx_word' id='word_1_509' title='bbox 217 2471 245 2493; x_wconf 94' lang='lat' dir='ltr'><strong>e.</strong></span> <span class='ocrx_word' id='word_1_510' title='bbox 273 2459 446 2493; x_wconf 90' lang='lat' dir='ltr'><strong>damnum</strong></span> <span class='ocrx_word' id='word_1_511' title='bbox 472 2459 578 2493; x_wconf 84' lang='lat' dir='ltr'><strong>affert</strong></span> <span class='ocrx_word' id='word_1_512' title='bbox 603 2461 753 2504; x_wconf 89' lang='lat' dir='ltr'><strong>pudoris</strong></span> <span class='ocrx_word' id='word_1_513' title='bbox 779 2463 816 2494; x_wconf 88' lang='lat' dir='ltr'><strong>et</strong></span> <span class='ocrx_word' id='word_1_514' title='bbox 840 2460 969 2501; x_wconf 81' lang='lat' dir='ltr'><strong>famae,</strong></span> <span class='ocrx_word' id='word_1_515' title='bbox 996 2461 1048 2495; x_wconf 89' lang='lat' dir='ltr'><strong>ita</strong></span> <span class='ocrx_word' id='word_1_516' title='bbox 1072 2466 1111 2494; x_wconf 92' lang='lat' dir='ltr'><strong>ut</strong></span> <span class='ocrx_word' id='word_1_517' title='bbox 1137 2472 1210 2495; x_wconf 92' lang='lat' dir='ltr'><strong>non</strong></span> <span class='ocrx_word' id='word_1_518' title='bbox 1235 2466 1311 2495; x_wconf 91' lang='lat' dir='ltr'><strong>tam</strong></span> <span class='ocrx_word' id='word_1_519' title='bbox 1336 2461 1476 2500; x_wconf 84' lang='lat' dir='ltr'><strong>bella,</strong></span> <span class='ocrx_word' id='word_1_520' title='bbox 1504 2472 1613 2504; x_wconf 88' lang='lat' dir='ltr'><strong>quam</strong></span> <span class='ocrx_word' id='word_1_521' title='bbox 1636 2464 1712 2494; x_wconf 88' lang='lat' dir='ltr'><strong>tur—</strong></span> 
     </span>
     <span class='ocr_line' id='line_1_51' title="bbox 164 2506 1710 2553; baseline 0 -13"><span class='ocrx_word' id='word_1_522' title='bbox 164 2506 220 2550; x_wconf 86' lang='lat' dir='ltr'><strong>pis</strong></span> <span class='ocrx_word' id='word_1_523' title='bbox 247 2517 288 2540; x_wconf 88' lang='grc'><strong>36</strong></span> <span class='ocrx_word' id='word_1_524' title='bbox 313 2506 420 2540; x_wconf 88' lang='lat' dir='ltr'><strong>foeda</strong></span> <span class='ocrx_word' id='word_1_525' title='bbox 444 2507 613 2540; x_wconf 82' lang='lat' dir='ltr'><strong>videatur</strong></span> <span class='ocrx_word' id='word_1_526' title='bbox 638 2507 682 2542; x_wconf 89' lang='lat' dir='ltr'><strong>cf.</strong></span> <span class='ocrx_word' id='word_1_527' title='bbox 712 2507 794 2542; x_wconf 87' lang='lat' dir='ltr'><strong>Sen.</strong></span> <span class='ocrx_word' id='word_1_528' title='bbox 823 2519 877 2552; x_wconf 91' lang='lat' dir='ltr'><strong>ep.</strong></span> <span class='ocrx_word' id='word_1_529' title='bbox 904 2507 1010 2543; x_wconf 92' lang='lat' dir='ltr'>XIX.</span> <span class='ocrx_word' id='word_1_530' title='bbox 1039 2509 1058 2543; x_wconf 73' lang='lat'>7</span> <span class='ocrx_word' id='word_1_531' title='bbox 1084 2509 1187 2553; x_wconf 67' lang='lat'>(116)</span> <span class='ocrx_word' id='word_1_532' title='bbox 1207 2510 1238 2544; x_wconf 91' lang='lat'><strong>5.</strong></span> <span class='ocrx_word' id='word_1_533' title='bbox 1262 2520 1374 2551; x_wconf 89' lang='lat' dir='ltr'><strong>aeque</strong></span> <span class='ocrx_word' id='word_1_534' title='bbox 1391 2508 1549 2542; x_wconf 85' lang='lat' dir='ltr'><strong>facilitas</strong></span> <span class='ocrx_word' id='word_1_535' title='bbox 1567 2508 1710 2547; x_wconf 88' lang='lat' dir='ltr'><strong>amoris,</strong></span> 
     </span>
     <span class='ocr_line' id='line_1_52' title="bbox 164 2553 1709 2599; baseline 0.002 -13"><span class='ocrx_word' id='word_1_536' title='bbox 164 2564 273 2596; x_wconf 88' lang='lat' dir='ltr'><strong>quam</strong></span> <span class='ocrx_word' id='word_1_537' title='bbox 309 2553 506 2588; x_wconf 86' lang='lat' dir='ltr'><strong>difficultas</strong></span> <span class='ocrx_word' id='word_1_538' title='bbox 541 2558 692 2588; x_wconf 89' lang='lat' dir='ltr'><strong>nocet:</strong></span> <span class='ocrx_word' id='word_1_539' title='bbox 733 2554 909 2589; x_wconf 87' lang='lat' dir='ltr'><strong>facilitate</strong></span> <span class='ocrx_word' id='word_1_540' title='bbox 942 2556 1114 2599; x_wconf 81' lang='lat' dir='ltr'><strong>capimur,</strong></span> <span class='ocrx_word' id='word_1_541' title='bbox 1154 2567 1237 2589; x_wconf 91' lang='lat' dir='ltr'><strong>cum</strong></span> <span class='ocrx_word' id='word_1_542' title='bbox 1269 2555 1486 2589; x_wconf 86' lang='lat' dir='ltr'><strong>difficultate</strong></span> <span class='ocrx_word' id='word_1_543' title='bbox 1519 2561 1709 2589; x_wconf 80' lang='lat' dir='ltr'><strong>certamus,</strong></span> 
     </span>
     <span class='ocr_line' id='line_1_53' title="bbox 164 2599 1709 2646; baseline 0.001 -13"><span class='ocrx_word' id='word_1_544' title='bbox 164 2599 361 2634; x_wconf 88' lang='lat' dir='ltr'><strong>Nimium</strong></span> <span class='ocrx_word' id='word_1_545' title='bbox 393 2601 610 2635; x_wconf 88' lang='lat' dir='ltr'><strong>substantivi</strong></span> <span class='ocrx_word' id='word_1_546' title='bbox 643 2602 724 2636; x_wconf 87' lang='lat' dir='ltr'><strong>loco</strong></span> <span class='ocrx_word' id='word_1_547' title='bbox 757 2606 972 2646; x_wconf 82' lang='lat' dir='ltr'><strong>usurpatum</strong></span> <span class='ocrx_word' id='word_1_548' title='bbox 997 2606 1063 2644; x_wconf 88' lang='lat' dir='ltr'><strong>est,</strong></span> <span class='ocrx_word' id='word_1_549' title='bbox 1103 2603 1199 2645; x_wconf 89' lang='lat' dir='ltr'><strong>quod</strong></span> <span class='ocrx_word' id='word_1_550' title='bbox 1224 2603 1261 2636; x_wconf 93' lang='lat' dir='ltr'><strong>in</strong></span> <span class='ocrx_word' id='word_1_551' title='bbox 1288 2601 1546 2636; x_wconf 84' lang='lat' dir='ltr'><strong>Germanicum</strong></span> <span class='ocrx_word' id='word_1_552' title='bbox 1571 2606 1709 2636; x_wconf 76' lang='lat' dir='ltr'><strong>vertas:</strong></span> 
     </span>
     <span class='ocr_line' id='line_1_54' title="bbox 170 2646 1709 2693; baseline 0 -13"><span class='ocrx_word' id='word_1_553' title='bbox 170 2646 265 2689; x_wconf 82' lang='lat' dir='ltr'><strong>„Das</strong></span> <span class='ocrx_word' id='word_1_554' title='bbox 289 2647 506 2682; x_wconf 85' lang='lat' dir='ltr'><strong>Allzuviel.“</strong></span> <span class='ocrx_word' id='word_1_555' title='bbox 547 2648 599 2682; x_wconf 76' lang='lat' dir='ltr'><strong>L&#39;t</strong></span> <span class='ocrx_word' id='word_1_556' title='bbox 631 2654 687 2682; x_wconf 88' lang='lat' dir='ltr'><strong>est</strong></span> <span class='ocrx_word' id='word_1_557' title='bbox 722 2649 819 2693; x_wconf 89' lang='lat' dir='ltr'><strong>apud</strong></span> <span class='ocrx_word' id='word_1_558' title='bbox 852 2648 932 2684; x_wconf 86' lang='lat' dir='ltr'><strong>Ter.</strong></span> <span class='ocrx_word' id='word_1_559' title='bbox 965 2649 1037 2683; x_wconf 91' lang='lat' dir='ltr'><strong>Ad.</strong></span> <span class='ocrx_word' id='word_1_560' title='bbox 1064 2649 1138 2684; x_wconf 84' lang='lat'>111.</span> <span class='ocrx_word' id='word_1_561' title='bbox 1172 2650 1203 2690; x_wconf 84' lang='lat'><strong>3,</strong></span> <span class='ocrx_word' id='word_1_562' title='bbox 1231 2650 1284 2685; x_wconf 70' lang='lat'>38.</span> <span class='ocrx_word' id='word_1_563' title='bbox 1314 2649 1368 2684; x_wconf 81' lang='lat'><strong>39.</strong></span> <span class='ocrx_word' id='word_1_564' title='bbox 1400 2650 1588 2683; x_wconf 91' lang='lat' dir='ltr'><strong>nimium</strong></span> <span class='ocrx_word' id='word_1_565' title='bbox 1612 2649 1709 2681; x_wconf 89' lang='lat' dir='ltr'><strong>inter</strong></span> 
     </span>
     <span class='ocr_line' id='line_1_55' title="bbox 166 2693 1708 2741; baseline 0.001 -14"><span class='ocrx_word' id='word_1_566' title='bbox 166 2705 240 2735; x_wconf 81' lang='lat' dir='ltr'><strong>vos,</strong></span> <span class='ocrx_word' id='word_1_567' title='bbox 258 2693 410 2735; x_wconf 84' lang='lat' dir='ltr'><strong>Demea,</strong></span> <span class='ocrx_word' id='word_1_568' title='bbox 437 2706 478 2729; x_wconf 90' lang='grc'><strong>36</strong></span> <span class='ocrx_word' id='word_1_569' title='bbox 504 2707 577 2729; x_wconf 85' lang='grc'><strong>11011</strong></span> <span class='ocrx_word' id='word_1_570' title='bbox 602 2696 686 2739; x_wconf 88' lang='lat' dir='ltr'><strong>quia</strong></span> <span class='ocrx_word' id='word_1_571' title='bbox 713 2696 797 2730; x_wconf 89' lang='lat' dir='ltr'><strong>ades</strong></span> <span class='ocrx_word' id='word_1_572' title='bbox 815 2707 988 2740; x_wconf 88' lang='lat' dir='ltr'><strong>praesens</strong></span> <span class='ocrx_word' id='word_1_573' title='bbox 1014 2696 1096 2730; x_wconf 88' lang='lat' dir='ltr'><strong>dico</strong></span> <span class='ocrx_word' id='word_1_574' title='bbox 1121 2697 1200 2737; x_wconf 87' lang='lat' dir='ltr'><strong>hoc,</strong></span> <span class='ocrx_word' id='word_1_575' title='bbox 1239 2697 1515 2741; x_wconf 87' lang='lat' dir='ltr'><strong>pernimium</strong></span> <span class='ocrx_word' id='word_1_576' title='bbox 1547 2697 1708 2729; x_wconf 90' lang='lat' dir='ltr'><strong>interest.</strong></span> 
     </span>
     <span class='ocr_line' id='line_1_56' title="bbox 164 2740 1708 2788; baseline 0.001 -14"><span class='ocrx_word' id='word_1_577' title='bbox 164 2740 238 2776; x_wconf 90' lang='lat' dir='ltr'><strong>Cic.</strong></span> <span class='ocrx_word' id='word_1_578' title='bbox 266 2740 334 2775; x_wconf 89' lang='lat' dir='ltr'><strong>Off.</strong></span> <span class='ocrx_word' id='word_1_579' title='bbox 361 2741 391 2777; x_wconf 92' lang='lat' dir='ltr'><strong>I.</strong></span> <span class='ocrx_word' id='word_1_580' title='bbox 419 2743 473 2777; x_wconf 79' lang='lat'><strong>25.</strong></span> <span class='ocrx_word' id='word_1_581' title='bbox 501 2754 684 2786; x_wconf 87' lang='lat' dir='ltr'><strong>nunquam</strong></span> <span class='ocrx_word' id='word_1_582' title='bbox 710 2743 807 2777; x_wconf 92' lang='lat' dir='ltr'><strong>enim</strong></span> <span class='ocrx_word' id='word_1_583' title='bbox 831 2744 955 2785; x_wconf 87' lang='lat' dir='ltr'><strong>iratus,</strong></span> <span class='ocrx_word' id='word_1_584' title='bbox 988 2744 1048 2786; x_wconf 88' lang='lat' dir='ltr'><strong>qui</strong></span> <span class='ocrx_word' id='word_1_585' title='bbox 1075 2744 1225 2777; x_wconf 83' lang='lat' dir='ltr'><strong>accedet</strong></span> <span class='ocrx_word' id='word_1_586' title='bbox 1258 2744 1304 2777; x_wconf 88' lang='lat' dir='ltr'><strong>ad</strong></span> <span class='ocrx_word' id='word_1_587' title='bbox 1328 2755 1486 2788; x_wconf 86' lang='lat' dir='ltr'><strong>poenam</strong></span> <span class='ocrx_word' id='word_1_588' title='bbox 1516 2742 1708 2777; x_wconf 89' lang='lat' dir='ltr'><strong>mediocri-</strong></span> 
     </span>
    </p>
   </div>
  </div>
 </body>
</html>
