1967 3090
787 116 1103 159 —227—

166 237 314 269 corat.
367 232 474 278 Quod
500 233 745 276 corruptionis
772 242 886 276 genus
913 230 1077 274 pluribus
1104 229 1256 264 Publilii
1282 229 1371 263 locis
1399 227 1488 262 mihi
1507 227 1634 262 videor
1659 226 1722 261 de·

169 280 417 325 prehendisse,
453 287 490 313 ut
525 280 685 313 eiusdem
712 278 989 322 significationis
1015 277 1168 310 verbum
1186 277 1343 310 alterum
1362 275 1469 309 alteri
1484 275 1722 308 substituere-

168 334 239 362 tur.
283 327 338 361 Cf.
364 327 472 361 Publ.
499 326 529 360 B
555 327 575 361 7
602 326 690 370 (51)).
723 326 753 360 Β
779 325 824 359 29
849 325 938 369 (72).
973 323 1004 357 Β
1030 324 1073 358 41
1101 323 1190 367 (34).
1226 322 1254 356 C
1281 324 1324 358 ‘26
1353 323 1465 367 (111).
1494 320 1512 355 Ι
1538 322 1593 356 65.
1620 320 1721 355 3113

167 374 287 418 (321).
326 374 355 408 N
394 374 438 408 20
471 373 583 418 (394).
621 372 651 406 Ρ
685 373 728 407 27
761 373 876 417 (476).
917 370 949 414 Q
976 371 1019 405 52
1047 370 1160 414 (552).
1199 369 1233 404 R
1261 371 1303 403 15
1331 369 1444 414 (583).
1486 367 1581 402 Vide
1607 367 1720 412 praef.

170 433 205 465 p.
235 423 289 456 15.
316 420 372 455 De
399 421 579 455 sententia
605 423 795 464 comparat
821 417 1000 452 Gruterus
1027 417 1112 451 Tac.
1138 418 1210 451 An.
1237 415 1348 451 XIII.
1379 416 1431 450 19.
1463 415 1575 457 „nihil
1602 426 1724 448 rerum

170 467 382 502 mortalium
408 472 483 501 tam
510 467 681 501 instabile
707 478 747 500 ac
773 466 912 499 fluxum
937 469 1003 505 est,
1031 475 1139 507 quam
1165 463 1261 497 fama
1288 463 1472 507 potentiae
1500 473 1571 495 non
1598 473 1661 495 sua
1687 462 1723 495 vi

170 516 277 548 nixa“
307 514 475 559 (Goethii
501 518 591 549 sent.
618 518 705 547 tom.
730 512 804 547 ΠΙ.
832 524 866 556 p.
902 512 990 555 194.)

266 562 320 597 51.
348 561 541 596 Neminem
559 561 753 594 nimiarum
771 559 980 593 divitiarum
998 558 1263 602 possessionem
1281 557 1427 602 gravius
1447 556 1724 600 reprehendisse

171 608 332 642 arbitror
358 620 465 652 quam
492 607 667 642 Senecam
692 606 962 651 philosophum.
1003 604 1134 639 Omnia
1159 605 1230 638 ista
1257 604 1362 643 bona,
1391 603 1515 637 scribit
1543 603 1589 636 ad
1615 603 1724 646 Poly-

170 656 272 689 bium
298 656 343 689 de
371 655 506 689 consol.
532 654 598 688 IX.
627 656 657 689 5.
685 665 776 698 (11130
802 665 865 687 1105
893 653 1066 697 speciosa,
1094 652 1157 686 sed
1180 651 1304 685 fallaci
1320 650 1510 694 voluptate
1529 650 1724 684 delectant.

171 703 336 747 pecunia,
375 703 545 747 dignitas.
584 701 749 745 potentia
783 701 925 743 aliaque
961 699 1158 743 complura.
1199 698 1245 732 ad
1279 709 1370 741 quae
1405 698 1548 741 generis
1575 697 1725 730 humani

171 760 280 784 caeca
307 749 487 793 cupiditas
521 749 755 792 obstupescit,
790 759 889 781 cum
920 746 1081 780 labore
1114 745 1437 790 possidentur.
1474 756 1555 777 cum
1587 744 1725 777 invidia

170 797 444 841 conspiciuntur
477 796 693 839 eosdemque
727 795 835 838 ipsos,
876 805 965 838 quos
993 796 1180 827 exornant.
1215 796 1249 826 et
1276 796 1502 836 premunt.
1553 790 1659 824 Idem
1689 791 1727 824 in

171 844 357 878 hominem
382 843 576 881 invehitur.
612 853 719 886 quem
745 841 897 876 avaritia
930 840 1082 874 metalla
1108 850 1277 874 exercere
1304 839 1477 883 coegerit.
1512 842 1551 871 ut
1579 841 1722 871 erueret

171 902 301 924 aurum
317 901 391 924 non
408 890 547 923 minore
560 889 722 934 periculo
738 888 986 932 quaerendum
1000 898 1107 931 quam
1126 886 1396 931 possidendum.
1425 884 1479 919 Cf.
1494 889 1569 919 nat.
1583 888 1721 928 quaest.

173 937 219 973 V.
249 938 301 977 15,
329 938 361 972 3.
400 936 498 981 Ergo
524 937 719 970 honestum
750 947 862 969 unum
887 935 1023 969 bonum
1050 937 1114 974 est.
1150 933 1249 977 quod
1274 945 1348 967 non
1372 937 1515 966 tantum
1542 932 1727 976 perfectus

173 985 324 1025 3111111115,
352 984 415 1018 sed
441 995 638 1028 generosus
665 994 807 1027 quoque
834 985 869 1016 et
896 982 1029 1016 indolis
1055 982 1172 1016 bonae
1201 980 1328 1014 sentit:
1361 984 1481 1014 cetera
1508 980 1602 1012 levia
1632 982 1726 1018 sunt,

170 1031 373 1066 mutabilia.
406 1031 528 1074 itaque
564 1031 720 1065 sollicite
755 1029 1007 1074 possidentur:
1041 1029 1183 1063 etiamsi
1208 1027 1354 1062 fortuna
1381 1026 1529 1060 favente
1555 1026 1592 1059 in
1618 1037 1730 1059 unum

172 1081 347 1122 congesta
381 1084 474 1118 sunt,
502 1078 658 1112 dominis
694 1078 766 1111 suis
799 1077 1012 1111 incumbunt
1045 1076 1171 1121 gravia
1207 1079 1241 1109 et
1267 1075 1350 1108 illos
1379 1084 1521 1117 semper
1545 1075 1729 1117 premunt,

174 1125 370 1169 aliquando
403 1129 438 1159 et
471 1125 629 1159 inlidunt
661 1124 705 1159 cf.
733 1123 816 1158 Sen.
851 1135 905 1168 ep.
939 1123 1008 1158 IX.
1036 1125 1066 1163 5.
1095 1123 1148 1158 30.
1189 1122 1285 1165 Quid
1319 1121 1418 1165 quod
1451 1124 1729 1165 praeceptorem

173 1184 279 1206 suum
294 1172 466 1206 Attalum
488 1171 652 1206 Stoicum
676 1172 720 1205 de
746 1175 962 1215 paupertate
989 1171 1229 1204 disserentem
1255 1175 1290 1203 et
1319 1168 1581 1202 ostendentem.
1611 1178 1727 1210 quam,

174 1219 346 1262 quicquid
380 1231 484 1252 usum
518 1219 720 1257 excederet,
756 1218 896 1262 pondus
935 1222 1029 1251 esset
1071 1227 1337 1260 supervacuum
1370 1219 1404 1249 et
1438 1225 1548 1258 grave
1583 1214 1728 1253 ferenti,

174 1267 227 1300 ita
245 1266 505 1307 admirabatur.
525 1272 563 1299 ut
582 1266 652 1310 ipsi
670 1276 778 1309 saepe
796 1266 895 1299 exire
916 1276 934 1299 e
953 1265 1075 1298 schola
1094 1264 1245 1308 pauperi
1262 1263 1395 1296 liberet
1420 1262 1466 1296 cf.
1493 1273 1548 1305 ep.
1576 1260 1727 1296 XVIII.

176 1315 196 1348 5
225 1313 329 1357 (108)
357 1314 410 1348 14.
443 1312 688 1356 Quamobrem
721 1324 831 1346 avaro
866 1313 1047 1345 neminem
1080 1311 1307 1344 miseriorem
1341 1309 1490 1343 iudicat.
1526 1319 1632 1352 quem
1659 1319 1733 1341 non

176 1360 295 1393 minus
321 1365 429 1404 parta
456 1365 490 1394 et
516 1371 695 1404 possessa,
723 1371 830 1403 quam
857 1359 1063 1393 desiderata
1088 1364 1122 1392 et
1151 1357 1317 1401 quaesita
1343 1356 1565 1390 discrucient
1602 1355 1646 1388 cf.
1674 1366 1731 1398 ep.

177 1406 285 1442 XIX.
315 1408 334 1442 6
362 1408 465 1451 (115)
493 1408 545 1442 16.
574 1406 683 1440 Η11110
710 1410 831 1440 autem
852 1406 1065 1439 divitiarum
1079 1408 1306 1438 contemtum
1321 1404 1428 1437 docet
1458 1402 1606 1442 Seneca.
1623 1402 1732 1435 homo

178 1453 387 1488 Stoicorum
413 1454 629 1498 disciplinae
655 1453 830 1487 addictus.
857 1464 931 1486 non
956 1451 1135 1486 Publilius
1162 1453 1271 1495 po'e'ta
1297 1450 1370 1484 illis
1395 1450 1614 1494 praesertim
1640 1452 1731 1482 tem-

176 1501 337 1545 poribus,
365 1501 494 1545 quibus
514 1513 555 1534 eo
573 1512 692 1535 mores
711 1500 850 1534 redacti
868 1504 986 1534 essent
1005 1507 1043 1533 ut
1071 1502 1268 1543 paupertas
1295 1497 1491 1530 maledicto
1518 1496 1731 1540 probroque

177 1551 294 1589 esset,v
311 1553 519 1592 contempta
539 1548 722 1587 divitibus.
750 1548 865 1580 invisa
890 1546 1114 1591 pauperibus
1133 1545 1176 1580 cf.
1196 1546 1278 1579 Seu.
1298 1556 1352 1588 ep.
1373 1543 1479 1578 XIX.
1507 1545 1526 1578 6
1553 1544 1655 1587 (115)
1678 1544 1729 1577 11.

179 1595 281 1638 Quae
316 1606 398 1628 cum
430 1596 481 1629 ita
524 1596 605 1635 sint,
648 1606 721 1628 non
759 1597 835 1628 tam
861 1595 1012 1627 nimiam
1040 1594 1217 1627 bonorum
1244 1591 1520 1636 possessionem.
1549 1601 1657 1634 quam
1678 1589 1732 1623 ni-

176 1643 288 1675 miam
312 1643 515 1686 pecuniam.
541 1643 684 1676 itineris
710 1641 868 1676 faciendi
894 1641 1080 1674 auxilium.
1107 1640 1166 1674 hic
1191 1639 1296 1684 tangi
1322 1649 1463 1672 censeo.
1515 1637 1634 1681 Quam
1652 1648 1732 1670 rem

179 1690 360 1734 castigare
391 1692 500 1733 po‘eta
526 1700 589 1722 suo
614 1700 716 1722 more
750 1699 792 1722 eo
818 1689 934 1733 magis
960 1690 1116 1732 poterat.
1160 1697 1230 1730 quo
1258 1686 1374 1728 magis
1404 1685 1468 1718 illa
1495 1688 1614 1718 aetate
1641 1684 1736 1717 insa-

178 1748 264 1769 nam
288 1736 603 1780 peregrinantium
635 1736 815 1769 luxuriam
850 1746 995 1769 omnem
1020 1734 1190 1768 utilitatis
1218 1732 1558 1775 commoditatisque
1584 1731 1737 1764 modum

178 1783 288 1827 longe
322 1784 518 1817 excessisse
550 1783 665 1817 tradit
697 1781 834 1817 Seneca
861 1793 916 1825 ep.
944 1781 1029 1816 XX.
1058 1782 1078 1816 6
1105 1781 1208 1825 (123)
1236 1781 1266 1814 7.
1295 1778 1429 1813 Omnes
1458 1778 1530 1812 iam
1557 1778 1607 1811 sic
1633 1788 1736 1821 pere-

179 1830 383 1874 grinantur,
418 1831 546 1874 inquit,
582 1834 621 1864 ut
656 1830 739 1863 illos
772 1829 1013 1863 Numidarum
1046 1830 1258 1872 praecurrat
1292 1826 1492 1869 equitatus.
1529 1829 1568 1859 ut
1604 1836 1737 1869 agmen

179 1888 370 1911 cursorum
403 1878 609 1912 antecedat:
648 1880 756 1921 turpe
791 1883 843 1910 est
883 1876 1004 1910 nullos
1032 1886 1120 1914 esse,
1154 1875 1215 1918 qui
1241 1873 1463 1908 occurrentis
1490 1873 1549 1906 via
1577 1872 1739 1905 deiciant

179 1927 243 1958 aut
267 1925 329 1967 qui
352 1924 546 1958 honestum
571 1924 755 1958 hominem
780 1923 904 1957 venire
930 1934 1063 1967 magno
1088 1922 1239 1966 pulvere
1267 1919 1473 1954 ostendant.
1511 1919 1645 1953 Omnes
1664 1919 1739 1952 iam

179 1971 296 2005 mulos
322 1971 470 2012 habent,
504 1971 564 2015 qui
590 1970 801 2014 crystallina
828 1974 863 2003 et
889 1970 1052 2003 murrina
1078 1972 1114 2002 et
1141 1969 1283 2002 caelata
1308 1978 1527 2011 magnorum
1555 1964 1739 2000 artificum

180 2029 292 2051 manu
323 2022 488 2062 portent:
514 2023 623 2062 turpe
658 2022 711 2051 est
738 2017 856 2051 videri
888 2028 946 2050 eas
978 2020 1015 2050 te
1048 2016 1184 2050 habere
1212 2014 1371 2048 sarcinas
1398 2018 1506 2053 totas⁷
1541 2024 1632 2056 quae
1658 2015 1737 2047 tuto

181 2065 324 2099 concuti
351 2066 502 2109 possint.
553 2064 725 2099 Omnium
750 2063 979 2108 paedagogia
1012 2063 1127 2097 oblita
1152 2062 1247 2095 facie
1273 2061 1464 2100 vehuntur,
1491 2071 1538 2093 ne
1565 2060 1620 2093 sol
1644 2070 1738 2093 neve

182 2112 295 2157 frigus
320 2115 487 2146 teneram
513 2115 633 2145 cutem
657 2111 797 2145 laedat:
823 2114 930 2154 turpe
957 2114 1011 2144 est
1036 2110 1220 2144 neminem
1246 2119 1324 2142 esse
1350 2108 1389 2141 in
1414 2106 1591 2141 comitatu
1608 2117 1738 2150 puero-

182 2170 274 2198 rum⁷
303 2159 404 2193 cuius
431 2170 516 2192 sana
543 2158 652 2193 facies
670 2158 978 2192 medicamentum
999 2156 1194 2191 desideret.
1236 2155 1467 2199 Quamquam
1484 2154 1582 2187 idem
1600 2152 1739 2187 Seneca

183 2206 231 2240 ad
263 2204 439 2239 Helviam
463 2208 570 2239 matr.
606 2205 650 2239 de
677 2204 812 2239 consol.
839 2203 930 2245 XII,
957 2204 988 2238 2.
1016 2204 1132 2237 multa
1157 2206 1324 2246 tempora
1351 2201 1451 2240 dicit,
1479 2200 1612 2243 quibus
1638 2200 1738 2234 locu-

183 2252 300 2296 pletes
334 2252 556 2297 pauperibus
592 2252 727 2286 similes
763 2252 850 2292 sint,
887 2251 1016 2295 quibus
1049 2250 1284 2285 circumcisae
1319 2249 1391 2282 sint
1424 2248 1741 2292 peregrinantium

183 2299 348 2333 sarcinae
381 2305 416 2334 et
451 2299 618 2344 quotiens
652 2299 927 2332 festinationem
960 2298 1159 2332 necessitas
1192 2295 1334 2330 itineris
1362 2295 1537 2339 exegerit.
1565 2294 1740 2329 comitum

185 2346 295 2380 turba
331 2346 550 2380 dimittatur.
601 2347 726 2389 Atque
747 2343 835 2390 ‘ipse
870 2345 982 2379 etiam
1014 2344 1252 2388 philosophus
1287 2354 1395 2386 quam
1430 2342 1622 2376 commode
1655 2352 1738 2375 cum

185 2393 349 2426 Maximo
384 2405 448 2428 suo
482 2394 554 2428 iter
586 2393 714 2427 fecerit
747 2393 854 2427 rebus
888 2391 1101 2426 necessariis
1136 2402 1244 2434 quam
1267 2390 1425 2423 maxime
1452 2388 1740 2432 circumscriptis

184 2441 281 2474 laeto
307 2443 485 2485 gratoque
512 2440 634 2474 animo
660 2443 786 2474 narrat
811 2442 994 2483 expertus.
1044 2437 1146 2472 Dicit
1172 2437 1270 2472 enim
1296 2447 1351 2480 ep.
1378 2435 1490 2470 XIII.
1518 2436 1539 2470 ‘2
1566 2435 1647 2480 (87)
1672 2435 1741 2469 hoc

186 2498 225 2521 se
247 2487 319 2522 iter
343 2487 508 2522 docuisse
533 2498 643 2531 quam
675 2486 790 2520 multa
821 2486 1000 2520 haberent
1025 2495 1247 2529 supervacua
1273 2486 1309 2517 et
1335 2494 1445 2527 quam
1470 2482 1579 2516 facile
1604 2482 1741 2516 iudicio

186 2536 338 2578 possent
371 2534 563 2578 deponere.
599 2544 701 2578 quae,
737 2534 767 2567 si
801 2533 946 2577 quando
981 2533 1177 2566 necessitas
1204 2530 1425 2569 abstulisset.
1452 2540 1527 2563 non
1552 2529 1742 2563 sentirent.

187 2580 279 2614 Cum
302 2581 532 2626 paucissimis
557 2581 680 2621 servis,
716 2591 806 2624 quos
832 2591 944 2613 unum
969 2590 1100 2623 capere
1125 2578 1333 2613 vehiculum
1358 2577 1531 2621 potuerit,
1559 2576 1636 2610 sine
1661 2575 1742 2609 aliis

186 2628 306 2669 rebus,
342 2628 412 2661 nisi
445 2639 536 2672 quae
571 2638 724 2672 corpore
759 2627 1044 2667 continerentur,
1080 2636 1118 2659 se
1153 2630 1187 2660 et
1222 2624 1426 2658 Maximum
1461 2634 1566 2656 suum
1590 2622 1745 2656 biduum

187 2675 262 2708 iam
285 2675 537 2710 beatissimum
561 2685 688 2720 agere:
717 2674 890 2707 culcitam
916 2673 953 2706 in
978 2676 1078 2706 terra
1101 2673 1232 2713 iacere,
1258 2671 1297 2705 in
1323 2682 1394 2714 qua
1419 2671 1556 2714 ipsum;
1601 2681 1645 2703 ex
1678 2668 1742 2702 du-

189 2722 278 2756 abus
311 2721 454 2766 penulis
485 2721 639 2756 alteram
670 2721 884 2765 stragulum,
917 2719 1071 2754 alteram
1105 2718 1331 2763 opertorium
1365 2717 1502 2751 factam
1528 2727 1616 2750 esse.
1666 2714 1745 2749 Nec

1468 2774 1532 2809 15*
