1967 3090
899 95 1221 138 —192—

277 218 330 248 est
346 214 527 247 neminem
542 212 644 257 peius
659 222 766 256 agere
780 223 889 255 quam
905 211 966 255 qui
982 211 1199 255 displicente
1217 221 1327 245 causa
1345 210 1485 255 placet:
1500 220 1646 245 necesse
1664 212 1719 245 est
1737 210 1834 245 enim

276 264 378 295 extra
405 271 551 294 causam
579 260 634 299 sit,
669 259 766 303 quod
800 259 933 303 placet.
975 258 1094 301 „Male
1126 259 1279 292 audiunt
1305 258 1424 301 vulgo,
1460 268 1553 301 quae
1579 258 1722 302 saepius
1756 269 1832 292 mu-

278 312 355 342 tant
383 308 566 342 maritum.
616 307 694 341 Aut
719 306 884 340 infelices
912 310 995 340 sunt
1022 309 1082 340 aut
1111 306 1377 339 incontinentes
1413 308 1475 338 aut
1500 305 1747 339 inconstantes
1772 308 1834 339 aut

275 358 474 390 lnorosae.“
520 354 704 389 Erasmus.
732 354 786 389 Cf.
812 353 919 389 Publ.
946 353 983 387 H
1011 355 1048 388 21
1080 354 1191 396 (223).
1231 352 1375 387 Alludit
1403 352 1449 386 ad
1475 352 1691 387 sententiam
1709 351 1834 386 Publi-

278 402 411 436 lianam
449 401 683 436 Godofredus
720 401 1045 446 Argentoratensis
1088 401 1124 434 in
1158 400 1321 434 carmine
1353 398 1504 433 Tristan
1538 411 1569 433 V.
1606 399 1732 435 18047.
1772 398 1834 433 ubi

276 449 365 484 haec
392 450 582 495 leguntur:
625 449 709 490 ..diu
749 460 939 493 manegem
975 449 1098 483 minne
1138 449 1267 485 sinnet,
1304 447 1366 480 diu
1399 447 1447 480 ist
1489 457 1681 491 manegem
1722 457 1834 491 unge-

276 497 512 578 minnetssIff.
540 496 588 530 M.
616 496 753 540 Haupt.
781 495 828 530 ad
852 495 1076 540 Engelhard.
1114 495 1214 530 1005.
1255 493 1351 528 Vide
1377 494 1422 528 de
1457 494 1637 529 sententia
1664 493 1748 529 Sen.
1788 493 1834 528 de

276 544 393 579 benef.
420 544 437 578 Ι
486 573 492 579 .
530 546 582 579 16.
610 546 641 578 2.

371 593 426 627 33.
454 592 552 626 Cave
577 590 812 626 malevolum:
840 591 928 624 dum
954 590 1090 624 bonum
1117 601 1153 624 se
1181 590 1338 624 simulat.
1366 601 1410 623 ex
1435 589 1633 632 improviso
1659 599 1749 632 quae
1775 599 1833 622 oc-

277 639 375 673 culta
401 639 539 674 habuit.
565 638 728 673 malitiae
754 649 855 671 arma
882 638 1040 682 expedit.
1080 637 1135 673 Cf.
1163 636 1269 672 Publ.
1298 636 1336 671 M
1363 637 1407 671 29
1434 637 1549 681 (337).

371 687 427 722 34.
469 686 524 721 Cf.
559 686 678 721 Plaut.
714 684 810 721 Rud.
844 685 895 719 II.
924 686 954 725 3,
989 685 1042 720 71.
1084 685 1183 729 Ergo
1225 685 1365 718 animus
1400 695 1533 727 aequus
1568 683 1746 727 optimum
1780 685 1835 716 est

276 744 472 769 aerumnae
506 733 790 768 condimentum.
818 732 900 768 coll.
927 731 1033 768 Publ.
1061 731 1160 767 Sent.
1196 732 1250 767 ed.
1280 731 1426 767 Gruter.
1452 743 1485 765 V.
1511 730 1609 765 403:
1648 729 1835 764 Medicina

277 782 354 815 sola
380 782 611 816 miseriarum
638 780 785 814 oblivio.
838 779 939 815 Sent.
967 780 1057 813 falso
1085 781 1181 814 inter
1208 779 1313 813 Publ.
1342 782 1476 822 recept.
1503 790 1536 813 V.
1565 778 1643 813 193.

372 830 428 864 35.
467 828 644 862 Mulieres
683 828 711 861 si
749 828 837 871 quid
862 827 1044 861 malitiose
1071 828 1236 862 facturae
1264 830 1356 861 sunt.
1385 825 1545 870 profusis
1571 825 1730 859 lacrimis
1758 824 1835 858 ani-

276 888 376 910 mum
402 877 547 911 virilem
573 875 716 909 mollire
743 878 779 909 et
805 874 976 920 frangere
1003 875 1162 909 student.
1201 874 1254 910 Cf.
1282 873 1388 910 Publ.
1415 872 1449 907 D
1476 873 1497 908 8
1523 872 1635 917 (130).

372 925 427 959 36.
455 923 616 957 Versum
650 922 745 957 tueri
779 922 923 956 videtur
950 922 1089 957 Seneca
1115 921 1159 955 de
1186 922 1228 956 ir.
1256 921 1307 956 II.
1335 922 1390 963 31,
1418 922 1450 956 5.
1477 920 1539 954 ubi
1565 920 1723 953 maxime
1748 930 1834 964 gau-

280 971 393 1011 debis,
429 972 587 1005 maxime
621 973 806 1004 metues.
856 969 924 1003 Est
959 970 1056 1003 enim
1082 972 1227 1003 metus
1254 969 1291 1003 id
1323 968 1420 1012 quod
1445 967 1682 1002 metuendum
1708 970 1762 1000 est
1788 965 1833 1000 cf.

277 1018 326 1052 M.
347 1018 497 1053 Gresner.
517 1018 624 1053 Thes.
650 1029 702 1053 xz:
745 1016 815 1060 „Et
832 1021 908 1050 tam
927 1017 1055 1055 active.
1085 1028 1191 1060 quam
1211 1017 1353 1059 passive
1381 1015 1549 1057 sumitur3
1576 1025 1661 1048 nam
1687 1017 1835 1048 metus

276 1065 483 1100 hostium
522 1069 621 1100 recte
661 1064 796 1099 dicitur
828 1067 865 1098 et
899 1075 980 1098 cum
1016 1064 1185 1098 timent
1218 1063 1340 1097 hostes
1375 1066 1411 1097 et
1452 1074 1536 1096 cum
1569 1063 1853 1096 timentur.“.

278 1112 364 1146 Pari
397 1114 505 1148 modo
532 1124 637 1157 spes
665 1116 718 1146 est
746 1115 780 1146 et
809 1112 950 1145 animus
978 1112 1038 1154 qui
1066 1115 1188 1155 sperat
1217 1114 1253 1144 et
1280 1113 1447 1154 optatum
1472 1109 1569 1153 quod
1596 1112 1764 1153 speratur
1790 1107 1835 1142 cf.

281 1159 370 1195 Sall.
398 1161 477 1196 Cat.
505 1161 560 1195 20.
594 1162 644 1194 13.
671 1160 727 1200 21,
757 1161 787 1194 1.
814 1158 909 1192 Tum
936 1158 1177 1202 respicere
1204 1158 1301 1191 idem
1326 1157 1426 1191 valet
1451 1168 1493 1190 ac
1519 1167 1657 1197 curare,
1690 1167 1755 1190 nos
1782 1155 1835 1189 dj-

276 1208 390 1242 cimus
419 1220 566 1248 „woran
585 1207 751 1241 denkew‘
778 1206 823 1240 cf.
842 1205 964 1240 Plaut.
982 1204 1113 1240 Pseud.
1142 1205 1192 1239 Π.
1213 1206 1244 1247 2,
1272 1205 1327 1240 18.
1354 1215 1427 1239 non
1453 1204 1553 1238 soleo
1579 1207 1616 1238 te
1641 1203 1833 1247 respicere,

282 1267 363 1289 cum
390 1256 490 1290 dicas
517 1256 650 1289 iniuste
677 1254 783 1288 alteri
822 1253 905 1288 Sen.
934 1252 1107 1289 Controv.
1134 1252 1186 1288 II.
1216 1253 1269 1287 13.
1297 1264 1331 1296 p.
1362 1252 1439 1287 175.
1467 1251 1521 1286 ed.
1548 1250 1630 1295 Bip.
1658 1249 1838 1295 Imposita

277 1304 441 1345 (mulier)
473 1304 510 1336 in
543 1303 708 1336 eculeum
742 1302 885 1345 saepius
913 1301 1102 1334 absentem
1128 1301 1246 1334 virum
1272 1299 1443 1343 respexit,
1473 1310 1581 1342 quam
1606 1300 1837 1342 praesentem

278 1354 483 1394 tyrannum.
534 1350 639 1383 Idem
672 1348 882 1383 intellectus
917 1347 1020 1382 verbi
1052 1348 1216 1382 videre
1249 1350 1303 1381 est
1339 1346 1437 1390 apud
1461 1346 1568 1381 Publ.
1594 1345 1626 1379 L
1654 1346 1697 1380 13
1724 1345 1836 1390 (304).

277 1397 443 1441 Denique
462 1398 597 1442 quicq
608 1397 686 1442 ujid
704 1396 746 1430 iu
756 1399 833 1430 vat
850 1396 948 1430 idem
968 1395 1161 1440 significat,
1181 1395 1278 1438 quod
1297 1393 1520 1438 quicquid
1537 1393 1838 1437 voluptatem

276 1446 421 1489 parit,
450 1457 514 1479 nos
542 1445 714 1479 dicimus:
742 1443 854 1484 „alles
880 1455 954 1476 was
972 1442 1063 1476 Lust
1091 1443 1239 1477 heisst.“
1281 1441 1515 1475 Contrarium
1542 1444 1597 1474 est
1621 1440 1713 1474 illud
1741 1439 1839 1484 quod

278 1493 414 1538 legitur
431 1493 529 1537 apud
547 1492 630 1526 Sen.
649 1491 760 1526 Herc.
779 1490 865 1525 Fur.
885 1491 964 1526 726.
985 1490 1210 1534 quicquid
1236 1490 1428 1523 timetur
1453 1489 1491 1533 (1,
1519 1499 1549 1523 e.
1577 1488 1665 1522 alles
1679 1487 1836 1522 Furcht-

277 1539 392 1585 bare).
444 1540 543 1574 Hinc
583 1539 767 1574 sententia
805 1539 923 1580 docet,
963 1538 991 1571 si
1035 1538 1121 1581 quid
1158 1538 1294 1581 volupe
1333 1537 1390 1578 sit,
1428 1536 1568 1570 nullum
1602 1546 1680 1570 esse
1714 1535 1835 1570 locum

274 1588 408 1623 timori.

374 1636 429 1670 37.
459 1634 512 1670 Cf.
528 1635 632 1668 Publ.
660 1633 757 1668 Η22
785 1634 900 1673 (224).
928 1632 1119 1667 Sententia
1144 1632 1326 1666 contraria
1352 1631 1416 1664 illa
1441 1629 1681 1664 Graecorum:
1709 1630 1833 1676 έρῥέτω

277 1681 376 1726 φίλος
403 1682 466 1715 σὺν
492 1682 613 1726 ἐχθρῷ
648 1681 745 1725 apud
770 1676 879 1715 Plut.
905 1680 950 1714 de
985 1680 1092 1715 discr.
1129 1680 1235 1713 amici
1271 1682 1305 1712 et
1342 1678 1438 1713 adul.
1467 1677 1512 1713 V.
1540 1678 1623 1712 coll.
1657 1676 1731 1712 Cic.
1768 1688 1835 1722 pro

277 1741 351 1774 reg.
379 1730 500 1764 Deiot.
528 1729 596 1763 IX.
624 1729 678 1763 25).

372 1777 428 1813 38.
457 1776 671 1821 Quicunque
698 1775 808 1810 effuse
834 1775 1059 1820 indignatur.
1095 1785 1270 1818 magnum
1296 1774 1434 1807 crimen
1459 1772 1601 1806 causari
1627 1771 1730 1812 solet,
1765 1782 1836 1815 quo

278 1824 570 1870 indignationem
595 1836 697 1857 suam
723 1822 862 1856 moveri
889 1821 1060 1856 affirmat.
1090 1821 1142 1856 Cf.
1162 1820 1235 1855 Sen
1262 1821 1308 1854 de
1334 1821 1377 1854 ir.
1396 1819 1447 1855 II.
1467 1820 1522 1861 22,
1550 1820 1571 1853 2
1590 1830 1697 1853 causa
1715 1822 1837 1853 autem

278 1872 487 1906 iracundiae
521 1872 645 1915 opinio
672 1871 825 1905 iniuriae
860 1873 926 1910 est,
960 1870 1017 1903 cui
1051 1881 1124 1902 non
1156 1868 1264 1902 facile
1303 1867 1526 1902 credendum
1552 1869 1620 1900 est.
1646 1866 1691 1900 de
1716 1869 1835 1909 tranq.

278 1919 376 1952 anim
403 1919 471 1953 VI.
499 1920 530 1954 3.
564 1918 712 1963 quidam
746 1929 820 1951 non
845 1917 979 1952 habent
1008 1916 1101 1950 iram
1127 1916 1164 1949 in
1190 1919 1373 1960 potestate
1400 1918 1435 1949 et
1460 1915 1544 1948 illos
1571 1913 1618 1947 ad
1642 1913 1837 1948 temeraria

278 1967 390 2000 verba
408 1967 591 2010 quaelibet
610 1965 815 2010 indignatio
835 1964 950 1999 offert.
981 1964 1076 1998 Lud.
1103 1963 1147 1997 de
1173 1967 1279 1997 mort.
1307 1962 1434 1997 Claud.
1461 1961 1508 1998 X.
1535 1961 1567 1995 2.
1593 1960 1675 1995 ideo
1694 1960 1836 2006 legibus

280 2014 407 2048 urbem
423 2014 584 2055 fundavi,
612 2013 781 2058 operibus
797 2013 933 2052 ornavi,
962 2015 1001 2046 ut
1016 2032 1059 2036 —
1076 2010 1163 2055 quid
1182 2011 1312 2050 dicam,
1341 2009 1382 2045 P.
1395 2009 1434 2044 C.
1453 2020 1525 2048 non
1542 2008 1686 2043 invenio
1702 2029 1745 2032 ——
1761 2019 1836 2042 om-

278 2061 339 2094 nia
374 2062 469 2096 infra
508 2061 798 2106 indignationem
829 2059 941 2094 verba
976 2062 1070 2093 sunt.
1136 2058 1301 2093 Oratoris
1335 2056 1629 2102 indignationem
1662 2055 1835 2097 describit

280 2108 405 2152 Quint.
443 2109 512 2143 IV.
552 2110 582 2149 3,
619 2109 649 2142 ἵ).
678 2109 710 2143 9.
738 2107 806 2141 VI.
834 2108 866 2148 2,
895 2108 968 2143 26.;
1007 2118 1091 2140 113111
1120 2109 1153 2140 et
1190 2106 1308 2139 luctus
1344 2108 1380 2139 et
1413 2105 1489 2138 irae
1515 2107 1550 2138 et
1575 2102 1836 2147 indignationis

279 2156 474 2200 aliquando
501 2156 655 2191 ridicula
681 2155 793 2189 fuerit
818 2155 986 2195 imitatio,
1014 2154 1043 2187 si
1069 2153 1182 2188 verba
1207 2152 1419 2196 vultumque
1444 2154 1599 2191 tantum,
1626 2161 1700 2184 non
1725 2150 1836 2184 etiam

278 2204 439 2238 animum
465 2202 872 2238 accommodaverimus.

376 2251 431 2286 39.
458 2251 534 2286 Nec
561 2250 765 2284 Woelfflini
792 2250 972 2293 scriptura
998 2250 1106 2293 pote
1133 2251 1287 2282 tamen
1319 2258 1386 2281 nec
1411 2244 1608 2280 Ribbeckii
1634 2247 1696 2278 aut
1722 2243 1835 2288 Spen-

280 2298 367 2342 gelii
401 2301 558 2343 potest
592 2299 741 2332 tamen
774 2297 887 2330 iustos
922 2307 1094 2330 numeros
1129 2295 1290 2339 praebet.
1349 2292 1443 2327 Nam
1475 2293 1572 2337 quod
1604 2291 1759 2326 Bothius
1792 2302 1836 2325 ex

280 2344 390 2379 Festo
428 2346 534 2380 affert
570 2346 737 2388 antiquos
770 2347 862 2378 tam
898 2344 1008 2378 etiam
1041 2354 1109 2387 pro
1144 2346 1298 2377 tamen
1324 2352 1409 2375 usos
1436 2352 1513 2375 esse
1546 2339 1657 2384 (01.1.
1683 2337 1836 2372 XVIII.

280 2402 313 2436 p.
343 2393 422 2429 360.
462 2394 540 2428 361.
582 2392 636 2428 ed.
676 2391 802 2427 Odofr.
837 2391 1025 2435 Muelleri)
1064 2402 1145 2424 cum
1182 2390 1293 2424 nullis
1333 2389 1442 2422 certis
1477 2386 1653 2431 exemplis
1688 2385 1837 2430 probari

280 2441 407 2483 possit,
435 2452 568 2474 vanum
596 2442 661 2473 est.
689 2438 744 2474 Cf.
772 2438 920 2474 Gruter.
956 2437 1002 2472 ad
1028 2437 1149 2472 Plaut.
1176 2436 1308 2471 Pseud.
1335 2435 1381 2469 V.
1408 2436 1440 2476 2,
1467 2435 1522 2470 2-1.
1561 2433 1691 2477 Itaque
1716 2433 1837 2467 versui

281 2487 503 2522 medicinam
535 2499 555 2521 a
580 2487 800 2521 Latinorum
834 2486 898 2519 illa
933 2484 1196 2520 consuetudine
1230 2482 1401 2527 loquendi
1436 2481 1600 2526 repetivi,
1634 2492 1677 2514 ex
1704 2490 1773 2523 qua
1798 2480 1837 2513 in

282 2536 470 2569 sententiis
504 2535 696 2570 contrariis
730 2534 789 2567 vel
815 2533 998 2579 negativis
1024 2532 1080 2574 iis,
1107 2532 1145 2565 in
1171 2531 1300 2574 quibus
1328 2529 1535 2564 affirmatae
1569 2527 1706 2562 actioni
1740 2527 1835 2561 actio

282 2585 415 2627 negata
449 2586 510 2616 aut
535 2583 613 2616 vice
639 2592 742 2615 versa
770 2584 986 2625 opponatur,
1022 2579 1134 2613 verbo
1160 2579 1311 2612 verbum
1337 2577 1473 2621 opponi
1499 2576 1603 2610 solet.
1655 2573 1756 2618 Quae
1781 2574 1835 2608 lo·

283 2629 418 2672 quendi
444 2628 669 2664 consuetudo
696 2628 861 2673 plurimis
889 2627 1064 2671 exemplis
1092 2625 1361 2670 comprobatur,
1388 2623 1604 2668 praesertim
1620 2622 1676 2662 iis,
1704 2620 1835 2665 quibus

282 2687 418 2719 posse
457 2680 493 2710 et
531 2688 619 2711 non
656 2686 791 2720 posse
829 2677 1063 2719 opponuntur
1095 2673 1141 2708 cf.
1176 2673 1282 2707 Publ.
1310 2672 1345 2706 A
1372 2672 1427 2706 18.
1453 2670 1488 2705 D
1515 2670 1560 2705 20
1585 2669 1697 2714 (142).
1731 2668 1763 2702 L
1793 2668 1834 2703 13

280 2724 393 2768 (304).
431 2722 463 2758 L
492 2725 535 2758 14
566 2724 682 2769 (305).
721 2721 760 2757 M
787 2723 842 2757 74.
875 2721 908 2766 Q
936 2722 978 2756 16
1004 2721 1117 2766 (516).
1160 2720 1223 2754 Cic
1249 2730 1316 2764 pro
1342 2718 1421 2755 Mil.
1454 2717 1522 2753 IX.
1551 2717 1606 2752 26.
1642 2715 1838 2751 dictitabat
