1967 3090
882 84 1204 127 —190—

264 203 494 238 lascivientia
519 201 700 246 (ingenia)
725 201 781 235 his
809 204 1093 240 commoventur,
1130 210 1282 243 quarum
1310 210 1395 243 pars
1422 199 1538 232 maior
1564 202 1710 232 constat
1735 198 1824 232 vitio

264 250 555 294 interpretantis,

360 298 416 332 2-1.
442 296 547 331 Haec
580 296 775 330 Erasmus:
820 295 984 336 „Invitat
1023 295 1119 329 enim
1154 297 1194 327 ut
1229 294 1408 329 occidat.“
1449 293 1504 328 Cf.
1541 292 1625 328 Sen.
1651 292 1824 337 Excerpt.

265 346 436 380 Controv.
465 343 534 379 VI.
560 344 591 378 4.
620 356 654 387 p.
681 343 760 377 443.
788 343 846 378 ed.
880 343 961 387 Bip.
995 342 1109 377 nolite
1135 342 1272 381 mirari,
1309 341 1339 374 si
1372 344 1448 375 tam
1483 340 1613 374 efficax
1646 351 1825 374 venenum

266 396 330 427 est.
370 392 489 425 Heres
524 395 580 425 est
617 391 677 434 qui
712 390 825 426 dedit.
869 390 952 426 Sen.
981 390 1025 424 de
1051 388 1170 424 benef.
1197 387 1265 423 IV.
1293 388 1349 429 20,
1378 388 1409 423 3.
1436 391 1477 421 111
1503 399 1586 422 aves
1614 398 1705 430 quae
1730 387 1823 422 lace-

266 440 408 474 ratione
434 450 631 483 corporum
657 438 814 478 aluntur,
849 438 945 472 lassa
971 437 1101 471 morbo
1128 447 1263 480 pecora
1288 439 1325 470 et
1351 446 1480 469 casura
1505 447 1524 470 e
1550 435 1718 479 proximo
1745 445 1824 478 spe-

266 488 455 521 culantur:
495 487 546 520 ita
584 486 642 520 hic
677 486 843 519 imminet
875 485 984 519 morti
1020 489 1056 518 et
1094 484 1192 517 circa
1231 482 1388 517 cadaver
1414 482 1525 518 volat.
1559 481 1668 517 Mart.
1708 482 1825 527 epigr.

265 534 333 570 XI.
360 535 416 569 67.

361 582 417 616 2ἷ1.
453 580 600 622 „Minus
627 580 724 614 enim
750 580 811 614 diu
838 583 971 624 sperat,
1006 580 1204 613 frustratur
1229 578 1381 613 levi11s.“
1424 576 1611 612 Erasmus.
1638 575 1692 611 Cf.
1719 575 1826 611 Publ.

265 628 296 663 P
323 629 368 664 20
394 629 507 673 (469).

362 677 420 712 26.
447 676 571 720 Aegre
598 674 756 714 credam,
790 673 820 707 si
845 674 1043 709 irritata
1076 685 1162 708 vera
1194 675 1326 717 poetae
1353 672 1537 716 scriptura
1563 671 1702 709 fuisset,
1728 670 1825 705 futu-

266 736 346 758 rum
379 723 489 758 fuisse
520 726 562 756 ut
595 723 632 755 in
658 721 749 755 illud
775 722 1144 766 interpretamentum
1172 720 1337 755 cederet:
1380 731 1462 753 011111
1488 719 1666 759 irritatur,
1701 717 1764 752 sed
1789 718 1827 752 in

266 772 351 807 hoc:
387 782 469 805 011111
505 775 561 804 081
597 770 753 804 irritata.
810 768 1008 803 Bonitas
1044 772 1167 803 autem
1202 768 1313 802 animi
1341 779 1424 801 cum
1449 767 1498 800 sit
1522 766 1639 800 virtus
1665 765 1828 800 malitiae

268 819 468 859 contraria,
495 817 609 854 firma,
637 820 819 858 constans,
846 816 1006 855 immota,
1033 816 1113 850 fieri
1138 827 1211 850 non
1238 818 1371 859 potest,
1400 817 1440 848 ut
1465 816 1638 849 mutetur.
1664 812 1717 847 Cf.
1745 812 1827 848 8011.

267 867 312 900 (10
339 866 443 900 clem.
471 864 500 901 I.
532 866 559 905 1,
589 866 620 899 5.
647 864 703 899 6.;
730 863 881 898 difficile
907 864 975 898 1100
993 864 1132 905 fuisset,
1162 863 1191 897 si
1208 874 1284 896 non
1302 861 1478 896 naturalis
1504 861 1573 895 tibi
1599 861 1671 895 ista
1695 860 1828 894 boni-

267 918 340 947 tas
368 917 474 953 esset,
512 912 575 946 sed
602 911 647 945 ad
673 915 817 955 tempus
845 914 980 946 sumta:
1008 922 1114 945 nemo
1141 911 1237 945 enim
1265 912 1387 954 potest
1412 919 1607 953 personam
1634 908 1695 942 diu
1722 907 1830 942 ferre.

267 960 372 995 Ficta
399 961 472 994 cito
500 960 537 993 in
563 963 734 992 naturam
760 970 863 992 suam
888 958 1066 992 recidunt.
1110 958 1218 992 Unde
1246 956 1414 996 efficitur,
1443 959 1483 989 ut
1508 959 1603 989 mut
1615 959 1660 988 at
1687 966 1731 988 se
1757 966 1830 988 non

269 1007 452 1052 significet
470 1011 689 1040 naturam
717 1017 841 1039 suani
867 1009 1034 1045 mutat,
1063 1006 1127 1039 sed
1154 1005 1257 1039 loco
1285 1016 1329 1038 se
1355 1006 1506 1037 mutat
1523 1003 1581 1037 vel
1608 1002 1747 1037 cedit.
1774 1002 1829 1038 Cf.

268 1055 374 1090 Publ.
403 1055 436 1089 N
463 1055 483 1089 3
511 1054 627 1098 (2379).
666 1052 786 1086 Plauti.
812 1053 1000 1097 Amphitr.
1028 1052 1058 1086 Ι.
1090 1054 1118 1093 1,
1147 1052 1323 1086 1121118.
1349 1062 1466 1094 neque
1494 1061 1531 1084 se
1557 1050 1829 1094 septentriones

268 1114 449 1146 quoquam
486 1102 523 1135 in
562 1100 663 1134 coelo
702 1103 931 1134 commovent
968 1111 1085 1143 neque
1118 1111 1163 1133 se
1198 1099 1286 1132 luna
1319 1109 1501 1141 quoquam
1535 1100 1695 1132 mutat.
1735 1096 1827 1130 Hor.

270 1150 386 1185 Serm.
426 1149 478 1183 Π.
518 1149 549 1189 7,
585 1148 640 1184 [24.
674 1148 738 1181 illa
771 1151 896 1181 tamen
930 1159 975 1181 se
1009 1158 1082 1180 non
1115 1146 1245 1180 habitu
1270 1149 1435 1179 mutatve
1461 1145 1553 1180 1000.
1593 1143 1694 1188 Quae
1719 1144 1830 1178 inter-

269 1197 430 1242 pretatio
466 1197 494 1231 si
520 1207 608 1230 vera
634 1198 697 1236 est,
734 1195 778 1229 de
812 1195 963 1232 iniuria,
1000 1205 1092 1238 quae
1120 1205 1163 1228 ex
1190 1193 1333 1227 malitia
1359 1195 1440 1226 orta
1464 1191 1623 1225 bonitati
1649 1191 1832 1225 contraria

269 1245 326 1279 sit.
356 1245 429 1278 dici
455 1246 613 1288 oportet,
640 1254 710 1286 quo
738 1254 759 1275 a
783 1242 948 1276 bonitate
975 1241 1122 1275 differat
1148 1244 1212 1274 aut
1238 1252 1308 1284 quo
1335 1240 1442 1274 aliter
1468 1250 1506 1273 se
1533 1242 1649 1283 gerat.
1699 1237 1832 1282 Itaque

270 1304 353 1326 cum
371 1291 512 1325 malitia
529 1291 587 1325 vel
614 1290 746 1323 iniuria
762 1289 946 1329 invaserit,
974 1289 1177 1323 bonitatem
1196 1288 1367 1322 recedere
1384 1286 1580 1321 dicendum
1606 1289 1695 1326 erat,
1722 1286 1831 1330 idque

270 1340 481 1374 coniectura
508 1350 630 1379 „cum
656 1338 817 1371 inruat
843 1348 888 1370 se
908 1340 1094 1371 assecutus
1122 1347 1202 1370 esse
1228 1335 1317 1369 mihi
1343 1335 1481 1370 videor.
1531 1333 1656 1368 Verba
1681 1344 1830 1373 ruere,

269 1387 472 1427 irruere,
500 1396 727 1430 proruere
752 1388 789 1418 et
816 1384 981 1418 absolute
1006 1384 1128 1428 posita
1155 1388 1191 1417 et
1217 1395 1299 1417 cum
1325 1382 1499 1416 reflexivo
1519 1381 1715 1415 coniuncta
1731 1381 1830 1415 inve-

270 1434 432 1468 niuntur.
473 1432 528 1467 Cf.
554 1432 747 1467 Ruhnken.
775 1431 874 1467 Dict.
903 1432 949 1465 ad
975 1431 1058 1465 Ter.
1074 1431 1148 1465 Ad.
1175 1430 1245 1466 IV.
1273 1431 1304 1470 2,
1334 1430 1389 1464 11.
1415 1441 1449 1473 p.
1480 1429 1558 1464 197.
1585 1428 1631 1462 ed
1649 1428 1832 1472 Schopen.

269 1481 443 1516 Latinum
477 1481 531 1514 810
565 1480 602 1513 111
628 1478 888 1513 Germanicum
921 1482 1196 1513 convertamus:
1239 1476 1474 1520 „Ausweicht
1501 1477 1559 1510 die
1586 1474 1692 1515 Giite,
1727 1487 1831 1509 wenn

271 1528 335 1563 auf
366 1529 417 1562 sie
451 1528 527 1561 sich
553 1527 706 1561 Bosheit
740 1529 890 1562 stiirzt.“
930 1526 1055 1570 Neque
1089 1526 1204 1571 igitur
1228 1525 1425 1559 Erasmum
1450 1535 1596 1558 versum
1630 1526 1692 1557 aut
1718 1523 1831 1567 scrip-

271 1577 360 1610 sisse
386 1579 485 1609 recte
512 1578 574 1609 aut
600 1574 815 1619 explicuisse
841 1577 943 1618 puto,
971 1585 1054 1607 011111
1080 1574 1132 1607 ita
1160 1573 1445 1617 interpretetur:
1481 1570 1600 1613 „Boni
1625 1569 1717 1604 fiunt
1734 1570 1832 1611 mali,

272 1625 300 1657 81
319 1628 531 1668 provoceS.“

367 1671 422 1706 27.
450 1670 528 1704 Nec
555 1669 685 1704 Orellii
711 1669 931 1703 sententiam
958 1668 1003 1701 (10
1027 1679 1141 1701 uxore
1167 1679 1225 1701 res
1254 1667 1473 1701 domesticas
1500 1675 1583 1698 cum
1600 1665 1733 1698 marito
1760 1676 1835 1699 non

271 1718 565 1753 communicante
591 1728 707 1760 neque
734 1716 931 1750 Schwarzii
958 1715 1004 1749 de
1029 1715 1182 1749 muliere
1210 1714 1255 1748 ad
1283 1715 1381 1748 clare
1409 1717 1446 1747 et
1476 1712 1637 1746 dilucide
1669 1712 1832 1756 cogitan-

272 1766 360 1799 dum
408 1777 481 1799 non
514 1768 601 1808 apta
633 1764 895 1808 explicantium
929 1762 1188 1806 interpretatio
1221 1773 1310 1795 vera
1344 1765 1410 1802 est,
1452 1760 1515 1794 sed
1547 1760 1636 1794 haec
1670 1759 1833 1794 Erasmi:

273 1812 433 1851 „Mulier
467 1812 563 1856 apud
598 1823 635 1845 se
668 1811 915 1856 cogitabunda
947 1810 1085 1853 aliquid
1111 1809 1200 1843 mali
1225 1809 1342 1842 volvit
1367 1809 1406 1842 in
1432 1808 1589 1841 animost²
1627 1806 1682 1842 Cf.
1709 1806 1832 1842 Plaut.

272 1860 349 1894 Mil.
382 1859 456 1893 III.
485 1861 516 1899 3,
547 1860 599 1893 14.
628 1860 682 1894 15.
718 1859 747 1892 81
774 1858 862 1902 quid
895 1857 1104 1891 faciendum
1130 1860 1186 1890 est
1210 1856 1355 1890 mulieri
1381 1856 1478 1889 male
1505 1858 1621 1898 atque⁴
1640 1854 1833 1894 malitiose,

274 1919 319 1942 ea
346 1907 415 1941 sibi
441 1906 662 1940 immortalis
688 1906 863 1940 memoria
890 1908 946 1939 est
971 1905 1180 1938 meminisse
1207 1908 1245 1938 et
1264 1904 1496 1948 sempiterna.
1523 1901 1634 1947 Verg.
1654 1901 1747 1936 Aen.
1765 1899 1834 1935 IV.

274 1955 344 1989 563
372 1966 449 1998 sqq.
478 1954 561 1988 8011.
587 1953 719 1999 Agam.
755 1953 833 1988 126.
862 1953 940 1988 127.
980 1951 1077 1996 Quid
1109 1952 1224 1986 tacita
1251 1950 1395 1985 versas?
1434 1949 1566 1993 quidve
1601 1948 1745 1983 consilii
1769 1949 1835 1982 im-

274 2005 407 2047 potens
433 2001 574 2035 tumido
600 2001 739 2035 feroces
764 2001 922 2044 impetus
948 2000 1068 2033 animo
1095 1998 1216 2043 geris?
1255 1998 1339 2033 Sen.
1368 2009 1423 2042 ep.
1451 1996 1481 2031 I.
1512 1997 1564 2037 10,
1589 1997 1621 2031 2.
1647 2007 1754 2030 1101110
1781 1998 1837 2030 081

274 2062 317 2084 ex
343 2048 648 2093 imprudentibus,
676 2048 736 2092 qui
761 2048 919 2091 relinqui
946 2047 1015 2081 sibi
1042 2046 1193 2081 debeat:
1221 2049 1310 2080 tunc
1336 2045 1433 2079 mala
1458 2044 1611 2078 consilia
1637 2043 1792 2088 agitant.

369 2097 425 2132 28.
453 2096 691 2140 Nunquam
717 2098 754 2129 et
778 2106 1001 2139 nusquam
1027 2093 1186 2135 confusa,
1215 2096 1257 2127 ut
1282 2092 1389 2128 Publ.
1416 2091 1451 2126 N
1470 2092 1514 2127 59
1541 2092 1660 2136 (435).
1687 2089 1836 2124 Causa

275 2156 357 2179 cum
383 2147 591 2188 quaeratur,
626 2154 699 2177 non
726 2143 932 2182 occasio,
967 2153 1195 2185 nunquam
1220 2152 1311 2175 non
1336 2141 1359 2175 i.
1386 2151 1416 2174 0.
1442 2139 1543 2173 1111110
1570 2150 1644 2172 11011
1669 2141 1836 2182 tempore

274 2192 396 2236 potius
429 2191 586 2232 videtur,
624 2202 733 2234 quam
769 2201 993 2233 nusquam
1018 2201 1107 2223 non
1145 2189 1168 2223 i.
1196 2200 1226 2224 e.
1261 2188 1363 2222 nullo
1398 2198 1471 2220 non
1503 2186 1596 2220 1000.
1643 2184 1705 2220 Ita
1740 2185 1838 2219 enim

275 2239 469 2274 Erasmus:
497 2238 628 2280 „Malis
653 2249 829 2281 nusquam
854 2237 958 2271 deest
984 2237 1125 2271 occasio
1151 2236 1247 2270 male
1274 2234 1468 2270 faciendi.“

371 2287 427 2321 29.
454 2286 508 2321 Ut
533 2285 734 2320 Publilium
760 2288 796 2320 et
813 2284 960 2319 dicendi
978 2295 1113 2330 genere
1131 2287 1169 2317 et
1194 2286 1274 2317 arte
1302 2282 1454 2316 metrica
1481 2292 1566 2315 suae
1597 2280 1729 2315 aetatis
1755 2290 1837 2313 nor-

276 2344 375 2367 mam
402 2345 444 2366 ac
471 2333 772 2367 consuetudinem
799 2334 963 2367 secutum
989 2343 1067 2366 esse
1093 2330 1316 2365 credendum
1344 2333 1413 2364 est:
1443 2329 1494 2363 sic
1511 2331 1575 2363 aut
1600 2338 1680 2361 sua
1696 2326 1756 2360 hic
1775 2328 1838 2360 aut

281 2392 409 2414 81111111
435 2380 540 2416 Publ.
576 2380 601 2414 S
628 2380 671 2415 19
697 2380 800 2425 (602)
834 2382 875 2413 111
899 2380 938 2413 111
963 2382 1087 2413 vetere
1112 2377 1367 2413 Romanorum
1397 2376 1500 2421 poe'si
1525 2374 1685 2409 Publilio
1711 2384 1837 2408 mono·

278 2427 462 2471 syllabum
498 2427 611 2462 fuisse
645 2438 788 2471 negem.
827 2426 925 2461 Vide
950 2425 1138 2470 Spengelii
1170 2424 1288 2470 praef.
1316 2436 1351 2468 p.
1377 2424 1411 2458 8.
1447 2422 1569 2466 Quare
1602 2433 1648 2456 ne
1674 2424 1839 2455 natura

278 2475 425 2518 quidem
458 2475 554 2518 quod
579 2475 664 2509 libri
690 2474 873 2515 exhibent,
907 2478 1008 2508 recte
1035 2485 1072 2507 se
1097 2473 1243 2512 habere,
1272 2472 1336 2507 sed
1361 2482 1428 2515 pro
1455 2480 1634 2505 venena
1658 2469 1836 2512 interpre-

278 2526 482 2556 tamentum
515 2522 672 2557 videtur.
730 2521 828 2555 Vide
860 2521 975 2565 praef.
1008 2533 1042 2565 p.
1076 2522 1126 2556 16.
1165 2519 1272 2563 Quod
1305 2522 1429 2553 autem
1454 2518 1492 2551 in
1517 2516 1574 2551 Pb
1602 2519 1657 2550 est
1681 2515 1836 2550 nasci-

278 2574 404 2610 tura,
438 2569 475 2603 id
508 2580 582 2603 non
609 2580 653 2603 ex
679 2572 861 2610 natura,
898 2567 962 2602 sed
986 2579 1031 2603 ex
1057 2567 1375 2613 conglutinatione
1409 2565 1560 2598 ultimae
1586 2563 1749 2607 syllabae
1774 2572 1837 2596 no-

279 2617 387 2651 minis
421 2627 597 2650 venena
631 2619 667 2650 et
692 2616 795 2650 verbi
828 2616 1075 2660 pascitura
1107 2615 1349 2659 depravatum
1375 2624 1453 2647 esse
1478 2614 1580 2656 puto.
1618 2609 1757 2644 Versus
1787 2609 1839 2643 sic

280 2664 483 2708 reponendi
509 2664 605 2698 viam
639 2666 821 2698 monstrat
846 2662 986 2697 Seneca
1017 2674 1073 2707 ep.
1100 2661 1168 2696 XI.
1197 2662 1217 2696 2
1244 2661 1325 2706 (81)
1352 2660 1408 2695 22.
1444 2670 1514 2703 quo
1540 2658 1621 2692 loco
1648 2657 1839 2691 minimum

281 2723 325 2745 ex
349 2711 514 2754 nequitia
539 2711 833 2754 levissimumque
860 2710 906 2744 ad
932 2711 1023 2744 alios
1049 2709 1255 2744 redundare
1281 2709 1353 2743 ait:
1381 2707 1478 2752 quod
1495 2705 1693 2751 pessimum
1712 2715 1756 2739 ex
1773 2703 1839 2737 illa
