1967 3090
773 96 1088 138 —179—

159 212 286 247 alienis
320 211 517 245 virtutibus
553 211 724 251 detrahit.
766 211 885 245 aliena
918 210 1013 244 mala
1041 214 1158 254 auget.
1187 210 1339 254 denique
1366 209 1565 254 spectando
1591 209 1712 242 omnia

157 260 258 304 quasi
286 259 506 302 corrumpit:
536 259 605 293 hoc
632 259 766 293 dicitur
783 258 892 301 loqui⁷
920 257 1015 300 quod
1042 260 1080 290 ut
1106 257 1262 290 diximus
1281 256 1390 297 videt.
1417 268 1490 290 non
1517 255 1614 300 quod
1632 256 1713 300 ipsa.

154 317 212 342 res
239 306 469 341 demonstrat
495 310 555 340 aut
582 307 710 350 poscit.
738 305 794 341 Cf.
820 304 940 339 Plaut.
967 303 1068 339 Pers.
1095 303 1167 338 ΠΙ.
1191 306 1218 345 1,
1239 305 1294 340 23.
1321 316 1406 339 nam
1423 304 1560 338 inimici
1578 303 1713 337 famam

156 365 230 388 non
256 354 305 387 ita
331 358 371 387 ut
397 358 482 387 nata
510 357 565 388 est
591 354 724 388 ferunt.
752 351 858 386 True.
885 350 953 386 IV.
981 352 1012 392 2,
1039 351 1188 386 'so-32.

251 408 306 442 35).
332 405 388 441 De
416 407 596 441 sententia
625 405 671 441 cf.
700 406 824 450 Quint.
851 404 918 439 VI.
949 406 977 444 1,
1005 404 1060 438 30.
1089 405 1144 439 31.

251 460 305 495 36.
333 459 459 494 Omnis
486 460 600 493 virtus
628 459 799 504 neglecta
825 462 976 497 tacetur,
1004 458 1075 491 nisi
1102 457 1214 492 fando
1241 458 1461 503 divulgatur.
1513 456 1568 491 C-f.
1592 455 1711 492 Plaut.

155 508 260 552 Capt.
286 506 317 543 I.
344 508 375 547 2,
403 507 458 542 62.
491 517 598 550 saepe
625 517 764 540 summa
789 506 934 549 ingenia
961 506 999 538 in
1025 505 1169 539 occulto
1196 505 1323 539 latent.
1373 504 1467 539 Hor.
1495 504 1615 539 Carni.
1643 503 1712 537 IV.

155 557 186 597 9,
214 554 270 590 29.
297 555 352 589 30.
379 553 464 590 Tac.
492 554 564 589 An.
592 551 661 589 IV.
690 554 736 589 38
762 558 854 589 extr.
894 553 1017 598 Quint.
1053 551 1164 587 VIII.
1201 554 1232 593 5.
1268 554 1300 588 4.
1335 552 1382 586 ad
1414 555 1581 596 posteros
1616 551 1712 586 enim

154 604 268 637 virtus
307 602 461 643 durabit,
501 613 574 635 non
613 601 762 636 durabit
786 601 935 636 invidia.
986 600 1070 636 Sen.
1098 600 1143 634 de
1168 603 1287 644 tranq.
1323 600 1431 634 anim.
1457 598 1531 634 HI.
1563 599 1594 633 6.
1621 610 1711 632 nun·

155 661 263 694 quam
298 649 393 683 enim
427 649 592 694 quamvis
626 649 783 683 obscura
807 649 923 682 virtus
949 649 1052 690 latet,
1087 649 1151 682 sed
1175 648 1292 682 mittit
1318 647 1373 681 sui
1399 646 1518 692 signa:
1557 645 1653 680 unde
1679 646 1711 680 ei

153 697 305 732 Publilii
343 696 559 730 sententiam
593 696 825 731 obversatam
860 707 937 730 esse
969 696 1128 730 conicias
1163 695 1206 730 cf.
1234 694 1341 730 Publ.
1375 693 1415 729 M
1441 695 1461 728 5
1486 694 1598 738 (313).
1626 692 1707 727 coll.

127 747 132 774 ἶ
155 744 238 780 Sen.
265 745 312 779 ad
329 744 440 779 Marc.
468 743 513 777 de
540 743 675 779 consol.
702 743 788 778 XX.
819 745 835 778 1
857 748 949 779 extr.
967 743 1076 778 Adde
1095 742 1178 779 Sen.
1197 754 1253 787 ep.
1280 742 1328 777 X.
1349 743 1392 777 10
1416 741 1496 786 (79)
1525 741 1580 776 17.
1607 740 1708 774 nulla

154 793 270 826 virtus
296 792 389 826 latet
415 796 452 825 et
477 792 626 825 latuisse
651 803 726 825 non
752 792 865 836 ipsius
892 794 947 825 est
973 791 1155 825 damnum.
1183 801 1239 835 ep.
1265 789 1350 824 XV.
1378 790 1398 824 2
1426 788 1508 834 (94)
1534 789 1588 823 71.

250 846 304 880 37.
333 843 562 879 Sententiam
588 843 831 879 Tszchuckius
865 844 1013 888 quidem
1045 844 1090 878 de
1123 855 1247 878 amore
1269 844 1533 887 interpretatus
1560 842 1625 882 est,
1653 841 1715 885 qui

154 893 265 928 etiam
290 892 400 926 duros
425 892 587 936 alioquin
613 893 753 926 animos
780 895 986 936 occuparet,
1020 904 1102 925 cum
1135 891 1181 926 de
1207 891 1330 935 gladio
1358 891 1415 931 sit,
1443 889 1504 933 qui
1529 900 1613 923 cum
1638 888 1716 933 igni

155 952 307 975 excusus
341 939 389 973 sit
419 943 529 983 atque
555 939 696 981 duetus,
733 940 779 973 ab
805 939 1012 973 hominibus
1046 943 1149 973 tanto
1175 938 1363 983 pugnandi
1395 937 1526 971 ardore
1557 936 1713 970 incensis

155 988 287 1033 stringi
313 986 439 1028 soleat,
478 991 518 1021 ut
550 987 681 1031 igneae
716 987 828 1032 ipsius
863 986 1001 1030 aliquid
1033 990 1185 1021 naturae
1219 986 1415 1020 retinuisse
1441 984 1622 1018 videa-tur.
1657 982 1712 1017 Cf.

154 1034 234 1069 Tib.
261 1034 292 1070 Ι.
320 1035 352 1075 3,
389 1034 445 1069 48.
485 1034 610 1079 Quint.
637 1034 706 1069 VI.
740 1036 771 1076 2,
808 1035 863 1070 28.
898 1045 965 1068 1160
991 1034 1154 1068 incendit
1178 1034 1249 1067 nisi
1274 1033 1381 1077 ignis.
1408 1030 1517 1066 VIII.
1537 1031 1568 1072 6.
1598 1032 1629 1067 7.
1658 1031 1712 1065 12.

154 1081 237 1117 Sen.
265 1082 310 1116 de
336 1083 376 1116 ir.
403 1081 433 1117 I.
462 1083 515 1122 19,
544 1082 576 1117 8.
620 1081 693 1116 Sed
719 1082 816 1126 quod
841 1082 937 1126 apud
972 1081 1057 1116 Sen.
1093 1082 1130 1115 in
1155 1081 1229 1116 lud.
1265 1081 1323 1115 de2
1345 1083 1463 1114 morte
1490 1078 1616 1114 Claud.
1644 1077 1712 1113 IX.

154 1132 185 1166 6.
213 1129 351 1164 sermm
377 1140 481 1163 suum
508 1130 544 1163 in
571 1129 656 1173 igne
683 1141 765 1164 esse
790 1130 926 1175 legitur
950 1140 1028 1164 rem
1054 1140 1157 1163 suam
1182 1129 1241 1174 agi
1267 1128 1461 1174 significat.

249 1183 305 1218 39.
330 1182 393 1217 Ad
418 1194 578 1217 amorem
604 1183 686 1227 plus
711 1183 810 1217 valet
840 1182 1004 1217 mulieris
1038 1182 1166 1223 forma,
1194 1193 1302 1226 quam
1337 1181 1493 1215 cuiusvis
1529 1180 1714 1214 suadentis

154 1230 365 1266 auctoritas.

249 1283 305 1318 40.
331 1282 388 1317 De
414 1284 597 1317 sententia
624 1282 669 1317 cf.
697 1283 817 1319 Plaut.
844 1282 943 1319 Trin.
970 1283 1044 1317 111.
1072 1285 1103 1323 2,
1134 1283 1187 1317 12.
1214 1281 1354 1316 nullum
1379 1281 1596 1316 beneficium
1621 1281 1714 1316 duco

155 1332 201 1371 id,
229 1331 326 1374 quod
352 1331 409 1364 cui
435 1330 547 1365 facias
574 1342 649 1364 non
674 1331 806 1375 placet.
835 1329 947 1376 Verg.
974 1331 1066 1365 Aen.
1095 1330 1145 1364 ΙΙ.
1173 1330 1229 1364 49.

249 1384 304 1419 41.
330 1383 387 1417 De
413 1395 538 1417 versus
565 1384 863 1419 adnominatione
895 1384 939 1419 cf.
965 1383 1071 1419 Publ.
1098 1385 1133 1417 A
1161 1384 1216 1418 24.
1265 1381 1322 1417 De
1347 1382 1529 1417 sententia
1555 1381 1599 1416 cf.
1627 1380 1711 1416 Sen.

153 1432 285 1476 Agam.
314 1431 393 1466 243.
446 1430 564 1474 Quem
599 1432 766 1475 poenitet
797 1443 978 1476 peccasse.
1015 1442 1131 1476 paene
1164 1434 1222 1465 est
1254 1430 1439 1464 innocens.
1489 1429 1600 1464 Herc.
1628 1428 1708 1463 Oet.

153 1478 233 1514 886.
274 1477 384 1512 Haud
410 1481 465 1512 est
491 1490 636 1521 nocens⁷
664 1479 869 1522 quicunque
894 1490 968 1513 non
993 1482 1123 1523 sponte
1150 1482 1205 1513 est
1230 1489 1375 1513 nocens.
1427 1476 1552 1522 Quint.
1581 1476 1627 1512 V.
1657 1476 1710 1518 10,

155 1527 210 1561 59.
238 1526 291 1561 73.
318 1524 426 1559 Prov.
455 1526 510 1560 52.
537 1526 619 1561 coll.
646 1525 895 1561 Pseudo—Seu.
923 1526 967 1560 de
993 1538 1083 1561 mor.
1111 1526 1166 1560 9-1.

248 1585 304 1620 42.
344 1583 545 1625 Sententia.
588 1584 663 1618 sive
689 1585 932 1620 iudicatur
970 1587 1045 1620 sive
1084 1586 1322 1620 indicatur
1359 1585 1511 1629 legitur,
1550 1583 1711 1627 languet.

153 1632 239 1667 Non
272 1631 369 1666 enim
401 1643 443 1666 ea
469 1643 558 1676 opus
586 1635 642 1666 est
669 1634 861 1674 sententia,
901 1645 994 1678 quae
1028 1635 1091 1677 qui
1115 1633 1280 1667 laborem
1305 1633 1425 1677 fugiat
1451 1642 1532 1664 eum
1557 1631 1713 1664 inertem

153 1680 309 1714 indicari
343 1678 511 1720 affirmet,
552 1680 615 1714 sed
649 1691 708 1721 ea,
748 1692 840 1724 quae
874 1680 954 1715 fieri
984 1681 1170 1715 interdum
1204 1681 1342 1720 doceat.
1381 1683 1423 1713 ut
1456 1678 1516 1722 qui
1548 1677 1714 1711 laborem

154 1727 282 1772 fugiat,
318 1727 474 1761 inertiae
507 1727 618 1771 culpa
651 1732 787 1763 careat.
846 1728 955 1762 Cuius
982 1728 1128 1772 quidem
1153 1729 1205 1763 rei
1231 1728 1439 1772 exemplum
1464 1725 1579 1759 tradit
1604 1724 1712 1759 Corn.

154 1774 247 1819 Nep.
274 1774 338 1810 vit.
364 1774 444 1808 Att.
471 1773 557 1808 XV.
585 1775 616 1810 3.
646 1776 677 1809 1.
704 1775 767 1809 ubi
792 1775 883 1810 haec
909 1776 1097 1820 leguntur:
1125 1775 1183 1810 Ex
1208 1787 1277 1819 quo
1303 1774 1459 1809 iudicari
1476 1775 1624 1817 poterat
1641 1783 1715 1806 non

153 1822 297 1862 inertia,
339 1822 403 1856 sed
440 1822 574 1856 iudicio
618 1821 755 1867 fugisse
795 1823 885 1868 reip.
928 1824 1236 1867 procurationem.
1293 1822 1475 1866 Equidem
1513 1819 1715 1854 sententiae

156 1880 307 1904 acumen
332 1869 448 1903 latere
482 1870 520 1903 in
546 1881 579 1903 V.
608 1869 798 1915 fugitur
824 1871 990 1912 arbitror⁷
1018 1874 1059 1905 ut
1085 1871 1146 1915 qui
1172 1870 1334 1905 laborem
1361 1869 1487 1914 fugiat,
1515 1868 1544 1902 is
1571 1866 1714 1911 fugiens

155 1916 382 1961 deprehendi
407 1916 566 1952 dicatur.
618 1915 785 1951 Similem
811 1918 1030 1952 sententiam
1057 1930 1165 1962 supra
1189 1917 1296 1954 Publ.
1322 1916 1352 1951 F
1371 1918 1390 1952 9
1418 1916 1521 1961 (174)
1547 1915 1714 1960 legimus.

153 1963 284 2008 Itaque
318 1964 509 2007 antiquum
543 1975 627 1999 sane
653 1964 808 1999 verbum
841 1965 999 1999 latinum
1024 1965 1278 2010 indeptare
1303 1977 1410 1999 ausus
1436 1975 1515 1997 sum
1540 1962 1716 1996 reducere

154 2011 388 2055 Publilioque
420 2011 596 2045 tribuere.
648 2011 704 2046 De
738 2023 808 2056 quo
835 2013 948 2047 verbo
974 2012 1064 2047 haec
1089 2013 1187 2057 apud
1211 2012 1314 2049 Paul.
1340 2012 1445 2046 Diac.
1471 2010 1645 2053 Excerpt.
1672 2020 1716 2043 ex

154 2059 237 2094 libr.
264 2058 394 2102 Pomp.
423 2057 453 2092 F
457 2062 524 2092 est.
552 2059 598 2093 de
617 2059 737 2104 signif.
756 2059 856 2094 verb.
884 2060 907 2095 l.
925 2059 994 2095 IX.
1020 2059 1298 2104 Indeptare‚
1326 2058 1509 2103 consequi,
1537 2060 1574 2091 et
1591 2056 1716 2101 paullo

154 2105 306 2140 inferius
334 2105 600 2150 Indepisci‚
639 2107 791 2150 assequi,
828 2107 993 2152 adipisci.
1045 2107 1099 2142 Cf.
1127 2107 1235 2152 Corp.
1271 2107 1395 2143 Gram.
1423 2107 1467 2141 ed
1492 2104 1552 2141 Fr.
1578 2103 1715 2138 Linde-

154 2165 276 2188 mann.
302 2157 390 2189 tom.
416 2152 472 2189 11.
499 2157 595 2198 part.
624 2155 654 2188 1.
679 2165 715 2198 p.
744 2154 798 2188 79.
825 2166 860 2198 p,
890 2155 968 2190 106.
995 2155 1052 2189 ed.
1087 2153 1214 2190 Odofr.
1250 2155 1396 2190 Miiller.
1435 2152 1535 2187 Hinc
1560 2151 1718 2185 formam

153 2200 384 2242 intensivam,
418 2212 526 2244 quam
561 2201 698 2242 dicunt,
731 2204 771 2235 ut
805 2206 934 2246 aptare
967 2201 1013 2236 ab
1040 2202 1166 2246 apisci,
1198 2203 1252 2237 ita
1277 2203 1530 2246 indeptare
1555 2198 1715 2233 derivari

155 2248 388 2293 cognoscitur
413 2248 459 2282 ab
485 2248 723 2293 indepisci
747 2249 861 2283 verbo
888 2249 1088 2294 deponenti
1113 2249 1253 2294 (Plaut.
1278 2250 1383 2286 Asin.
1411 2248 1463 2283 H.
1492 2248 1523 2288 2,
1553 2247 1626 2290 13.)
1655 2246 1713 2280 cui

154 2295 306 2330 verbum
332 2296 446 2330 etiam
472 2296 632 2330 activum
668 2296 802 2331 subicit
826 2296 968 2331 Nonius
994 2296 1191 2332 Marcellus
1215 2309 1250 2342 p.
1279 2298 1347 2333 128
1383 2296 1455 2342 (ed.
1483 2293 1653 2330 Gerlach.
1680 2296 1718 2327 et

154 2342 265 2377 Roth.
292 2355 328 2387 p.
354 2343 418 2381 88]
443 2343 634 2388 indepis
650 2355 776 2385 cere,
815 2348 951 2388 petere,
990 2356 1168 2389 usurpare
1198 2344 1320 2381 Plaut.
1353 2345 1440 2380 Aul.
1473 2342 1542 2378 IV.
1570 2342 1625 2383 10,
1659 2340 1716 2375 44.

155 2390 212 2426 45.
250 2401 317 2425 nec
350 2394 495 2434 partem
527 2390 598 2425 tibi
624 2391 727 2433 adeo,
767 2391 825 2426 cui
851 2391 908 2431 sit,
947 2392 1213 2436 indepisces
1249 2393 1319 2437 (sic
1343 2392 1441 2437 vulg.
1469 2390 1560 2430 cod„
1588 2388 1634 2423 ab
1661 2398 1713 2429 eo,

155 2437 281 2481 quiqui
308 2441 372 2479 est,
400 2438 509 2472 inde
534 2450 706 2482 posces
724 2438 890 2484 Gruter.)
916 2450 1033 2483 neque
1057 2439 1178 2474 furem
1196 2440 1365 2485 excipies.
1390 2439 1440 2475 M.
1460 2438 1609 2482 quidem
1627 2435 1716 2470 Ges-

155 2496 263 2519 nerus
288 2485 327 2519 in
352 2484 459 2520 Thes.
485 2485 595 2531 Ling.
621 2485 704 2520 Lat.
731 2486 823 2520 haec
848 2486 1013 2531 scripsit:
1041 2487 1249 2531 indepto,
1278 2499 1349 2522 are.
1376 2487 1568 2530 Frequent.
1597 2484 1716 2529 [προς-

156 2532 336 2578 κτάομαι].
362 2531 471 2568 Varr.
499 2545 555 2577 ap.
581 2532 699 2569 Fest:
727 2532 805 2567 Nec
822 2537 968 2578 partem
995 2534 1155 2578 aliquam
1179 2534 1454 2580 indeptavit
1478 2530 1715 2567 hereditatis:

157 2579 262 2614 addit
284 2583 426 2615 tamen:
453 2579 527 2615 Sed
553 2591 627 2615 non
652 2581 808 2624 reperio.
850 2580 929 2615 Nec
953 2593 1040 2616 vero
1067 2581 1196 2616 dubito
1213 2583 1301 2626 quin
1325 2582 1433 2616 inde
1442 2584 1576 2625 ptare
1601 2578 1718 2612 bonae

155 2630 323 2661 monetae
356 2626 509 2661 verbum
544 2628 601 2670 sit,
641 2640 712 2672 quo
750 2639 771 2662 a
805 2631 928 2663 vetere
963 2629 1154 2664 comoedia
1184 2629 1349 2664 derivato
1387 2629 1499 2663 etiam
1535 2625 1717 2662 Publilius

156 2674 431 2718 mimographus
464 2675 519 2709 uti
552 2676 726 2720 potuerit.
766 2674 820 2711 Cf.
846 2674 953 2712 Publ.
980 2675 1011 2710 P
1037 2677 1080 2712 31
1107 2676 1223 2722 (480).
1255 2676 1312 2711 De
1338 2676 1519 2711 sententia
1544 2682 1717 2716 compara

155 2719 262 2757 Publ.
296 2720 317 2755 I
341 2721 386 2757 49
414 2721 527 2767 (279).
567 2722 648 2759 Sen.
679 2734 735 2767 ep.
762 2722 837 2759 HI.
867 2724 883 2757 1
913 2723 992 2768 (22)
1019 2724 1050 2759 7.
1085 2735 1159 2758 11011
1185 2728 1241 2759 est
1265 2725 1322 2758 vir
1348 2723 1454 2758 fortis
1481 2734 1523 2757 ac
1548 2724 1716 2755 strenuus

1437 2782 1505 2817 12⁸
