1967 3090
742 141 797 146 ——
860 117 945 160 233
1007 139 1063 144 -—

132 234 299 268 facienda
334 237 387 268 est
420 234 537 279 gratia
571 233 687 267 amico
723 235 756 266 et
794 232 1005 275 cuicunque,
1041 242 1147 274 quem
1181 230 1338 263 amicum
1363 229 1411 263 sis
1437 227 1679 272 promerendo

130 281 300 316 facturus.
327 284 499 324 properet
526 280 622 319 licet,
652 292 732 314 sero
758 277 974 312 beneficium
1000 277 1101 311 dedit
1127 278 1189 320 qui
1215 277 1358 319 roganti
1385 275 1496 309 dedit.

224 329 277 363 16.
310 328 389 361 Alii
415 327 524 361 aliam
549 327 586 360 in
611 327 731 361 verbis
757 325 871 359 latere
892 325 1110 358 sententiam
1136 327 1368 367 putaverunt.
1407 322 1513 366 Casp.
1533 321 1678 365 quidem

128 374 284 409 Orellius
318 386 460 409 versum
487 375 537 408 sic
573 374 734 417 scripsit:
774 372 962 412 Reddit,
1002 382 1088 404 non
1120 371 1252 414 perdit.
1291 371 1353 413 qui
1388 381 1491 404 suum
1524 369 1680 413 quoique

128 422 276 463 tribuit,
310 421 495 465 Hauptius
521 420 616 455 Phil.
643 420 673 454 I.
701 432 734 464 p.
762 421 858 454 emt:
906 418 1041 453 Reddit
1068 429 1140 451 non
1170 417 1310 460 perdit,
1345 417 1430 460 quoi
1463 417 1559 459 quod
1594 416 1680 450 alie-

130 472 253 502 numst
278 468 393 511 perit:
421 468 662 502 Ribbeckius:
689 466 827 501 Reddit
845 477 918 499 non
936 466 1066 509 perdit,
1095 465 1179 508 quoi
1198 464 1285 507 quid
1303 464 1461 497 alienum
1488 463 1568 502 fuit,
1597 474 1678 506 pro-

130 516 240 549 bante
270 515 499 556 lVoelfflino3
536 514 704 558 Meyerus
740 514 775 546 in
806 513 886 546 Act.
914 512 1014 547 Mon.
1050 512 1150 546 1872.
1176 515 1264 544 tom.
1292 510 1360 544 IV.
1387 522 1421 554 p.
1450 510 1547 545 553:
1583 509 1680 544 Red-

127 563 192 603 dit,
211 574 284 596 non
301 562 433 606 perdit,
462 562 620 596 alienum
638 562 698 604 qui
717 559 888 604 perdidit.
917 559 1000 594 coll.
1026 558 1188 593 Cassiod.
1216 557 1302 591 Var.
1331 558 1362 597 6,
1390 558 1422 592 3.
1450 558 1527 591 31110
1547 557 1679 591 damno

127 610 274 643 inventa
317 609 436 653 perdit
475 610 536 652 qui
570 608 716 652 propria
752 618 825 640 non
859 606 990 650 perdit.
1049 605 1230 648 Equidem
1265 605 1487 638 sententiam
1519 604 1562 637 de
1598 615 1681 637 aere

126 657 244 690 alieno
271 668 360 696 esse,
387 657 560 699 suspicor,
588 666 658 698 quo
689 654 834 688 reddito
853 654 913 696 qui
940 652 1117 697 persolvit
1142 664 1215 686 non
1233 652 1422 691 iacturam,
1452 651 1515 685 sed
1540 651 1681 685 lucrum

128 703 249 738 faciat.
300 702 542 737 Persolvit
577 703 682 744 enim,
719 701 816 744 quod
848 701 884 734 in
910 700 940 734 T
968 703 1032 740 est,
1069 711 1150 733 cum
1176 699 1380 733 Ribbeckio
1407 702 1441 732 et
1471 697 1680 731 Woelfflino

129 751 475 794 interpretationem
503 760 580 783 esse
607 748 794 783 consentio
826 748 887 791 (cf.
914 746 1058 792 Proleg.
1086 758 1120 790 p.
1147 747 1233 791 48).
1264 746 1328 780 sed
1353 757 1427 779 non
1453 745 1555 778 verbi
1581 745 1680 778 red-

129 797 215 836 dit,
245 797 340 840 quod
368 807 473 841 egere
500 796 802 840 interpretatione
830 806 903 828 non
928 794 1083 833 videtur,
1112 793 1175 828 sed
1201 794 1277 827 eius
1296 793 1480 829 dictionis,
1508 803 1617 835 quam
1642 792 1679 825 in

128 844 264 878 codicis
291 843 496 877 Turicensis
522 843 646 877 verbis
673 843 791 876 inesse
819 842 996 876 arbitror:
1024 844 1309 874 numeratum
1336 839 1471 874 habet
1498 840 1520 874 i.
1548 850 1577 873 0.
1616 851 1680 872 nu-

127 895 262 926 merat:
297 902 367 934 qua
402 891 446 925 de
477 890 651 934 loquendi
686 889 843 923 formula
869 888 952 922 vide
977 887 1172 922 Ruhnken.
1209 888 1295 921 dict.
1324 887 1371 920 ad
1396 886 1478 920 Ter.
1508 885 1600 921 Eun.
1628 885 1680 919 Π.

129 939 159 979 3,
188 938 242 972 92.
277 950 312 981 p.
341 939 420 973 111.
455 941 489 971 et
516 937 608 971 Hec.
642 936 711 971 IV.
739 937 769 977 2.
806 940 837 971 o'.
865 948 899 980 p.
933 935 1012 970 ‘221
1049 935 1103 969 ed.
1131 934 1312 978 Schopen.
1353 933 1431 977 Qua
1469 933 1679 967 coniectura

130 985 287 1019 admissa
324 996 369 1018 ne
407 985 566 1018 reddit
606 984 751 1028 quidem
791 987 887 1017 stare
925 983 1078 1026 poterit:
1119 981 1299 1015 sententia
1339 982 1435 1015 enim
1474 980 1565 1014 nihil
1590 980 1675 1013 novi

126 1031 367 1076 praedicaret.
403 1032 433 1065 si
467 1032 528 1075 qui
562 1042 621 1065 aes
656 1031 813 1065 alienum
841 1029 1077 1074 persolveret,
1112 1041 1193 1063 eum
1218 1028 1381 1062 reddere.
1427 1039 1500 1062 non
1526 1028 1679 1071 perdere

127 1079 285 1114 doceret.
335 1078 405 1113 His
432 1079 549 1112 causis
575 1090 617 1112 eo
644 1078 820 1112 deductus
847 1089 936 1117 sum,
965 1080 1002 1110 ut
1028 1088 1095 1120 pro
1122 1075 1276 1110 reddit
1311 1086 1528 1119 reponerem
1553 1074 1680 1108 redi-

127 1126 205 1159 mit
234 1126 253 1159 i.
276 1138 305 1160 e.
332 1126 484 1160 emendo
509 1126 639 1169 recipit
666 1125 724 1159 vel
749 1125 920 1159 restituit.
971 1123 1039 1158 Est
1066 1124 1162 1157 enim
1188 1123 1418 1156 redimere
1445 1122 1490 1156 de
1524 1121 1678 1165 captivis

128 1176 164 1207 et
190 1173 293 1206 nexis
320 1173 358 1206 in
382 1173 594 1207 libertatem
620 1172 850 1206 vindicandis
877 1171 936 1204 vel
961 1170 1221 1214 recuperandis
1247 1170 1465 1204 vocabulum
1491 1169 1680 1213 proprium

128 1220 174 1254 cf.
202 1219 413 1264 Swedberg.
447 1220 502 1254 ed.
517 1219 624 1254 Publ.
653 1221 672 1254 3
699 1219 748 1263 (A
766 1220 849 1262 stt).
876 1218 1034 1253 Ernesti.
1063 1218 1155 1252 clav.
1184 1216 1257 1252 Cic.
1286 1229 1312 1252 3.
1332 1217 1521 1251 redimere.
1549 1215 1679 1259 Itaque

127 1266 216 1301 haec
255 1267 433 1301 sententia
472 1267 617 1301 videtur
651 1267 796 1300 docere.
833 1266 893 1308 qui
919 1265 1079 1298 alienum
1104 1270 1279 1303 numeret,
1309 1275 1391 1297 eum
1417 1275 1490 1297 non
1516 1263 1679 1307 perdere,

131 1314 193 1349 sed
220 1315 394 1358 recipere.

226 1361 278 1395 11.
312 1360 428 1404 Quem
459 1371 604 1394 versum
638 1360 806 1393 finximus
842 1371 885 1392 ex
919 1359 954 1394 S.
989 1359 1188 1403 Augustini
1220 1358 1357 1397 verbis,
1394 1358 1469 1391 eius
1501 1357 1591 1390 haec
1626 1360 1679 1390 est

128 1409 316 1447 sententia,
352 1420 371 1442 a
406 1419 476 1451 quo
503 1408 648 1441 homine
682 1407 775 1440 absit
802 1407 943 1450 religio.
979 1418 1059 1439 eum
1087 1406 1284 1450 pessimum
1319 1405 1488 1448 quodque
1518 1404 1681 1437 libidinis

129 1466 244 1500 genus
279 1455 476 1499 possidere.
529 1454 630 1488 Vitia
658 1454 825 1488 exsulare
853 1454 944 1487 dixit
971 1453 1092 1487 Plaut.
1119 1452 1221 1487 Pers.
1247 1451 1316 1486 IV.
1344 1453 1376 1493 4,
1405 1452 1434 1486 T.
1462 1451 1620 1495 pertidia
1648 1454 1681 1485 et

127 1502 315 1546 peculatus
343 1513 387 1535 ex
413 1502 501 1535 urbe
528 1505 564 1535 et
590 1502 744 1535 avaritia
770 1502 799 1535 si
826 1500 1003 1536 exsulant.

223 1548 248 1583 S
276 1551 306 1583 1.
347 1549 578 1583 Sententiam
612 1560 656 1582 ex
690 1560 860 1582 versuum
893 1559 1043 1581 numero
1070 1547 1290 1581 movendam
1315 1558 1393 1580 esse
1420 1549 1540 1580 censet
1569 1544 1683 1589 Spen-

128 1596 244 1640 gelius
284 1600 321 1630 ut
361 1608 467 1640 prosa
507 1596 670 1629 oratione
709 1596 882 1639 scriptam
922 1596 965 1628 cf.
992 1594 1107 1638 praef.
1148 1606 1181 1638 p.
1211 1595 1242 1629 6.
1278 1592 1351 1627 Sed
1385 1594 1423 1626 111
1447 1593 1516 1626 hoc
1543 1603 1683 1636 quoque

127 1654 245 1683 versu,
273 1648 311 1677 ut
339 1644 375 1676 in
401 1643 526 1676 multis
553 1643 632 1676 aliis
659 1643 825 1678 vidimus.
861 1642 1056 1676 verborum
1083 1641 1172 1675 ordo
1200 1653 1219 1674 a
1246 1641 1405 1674 librariis
1433 1640 1478 1673 ad
1505 1650 1683 1683 gramma-

129 1691 241 1724 ticam
279 1690 513 1724 construendi
539 1690 721 1724 rationem
748 1690 912 1723 detortus
939 1692 1003 1723 est.
1055 1688 1152 1722 Vide
1178 1688 1293 1732 praef.
1321 1699 1354 1731 p.
1385 1688 1438 1721 14.
1466 1686 1543 1720 Nec
1570 1686 1684 1720 ullam

129 1737 352 1771 coniunctivi
385 1738 535 1781 possit
569 1748 717 1771 causam
742 1736 895 1780 reperio,
925 1736 989 1770 sed
1015 1736 1164 1769 omnino
1192 1735 1411 1769 indicativus
1438 1737 1599 1777 potest
1624 1733 1683 1766 vel

129 1788 235 1828 pote
260 1784 491 1828 postulatur:
519 1796 584 1818 nos
611 1784 765 1817 dicimus
796 1783 869 1825 „als
897 1794 938 1816 er
962 1782 1131 1816 xvirklich
1158 1783 1289 1816 kann.“
1319 1781 1374 1816 Cf.
1395 1780 1478 1816 Sen.
1500 1781 1544 1814 de
1562 1784 1682 1823 tranq.

129 1832 237 1865 anim.
291 1830 355 1865 VI.
381 1832 413 1866 3.
439 1842 587 1866 necesse
622 1835 674 1865 est
712 1843 750 1865 re
785 1831 904 1875 ipsum
939 1830 1145 1870 aestimare,
1181 1830 1263 1872 quia
1290 1829 1366 1863 fere
1393 1829 1474 1872 plus
1500 1828 1604 1862 nobis
1631 1827 1683 1860 vi-

132 1878 260 1912 demur
284 1889 401 1922 posse,
436 1890 545 1922 quam
578 1889 780 1922 possumus.
831 1877 886 1912 De
914 1877 1094 1911 sententia
1122 1880 1311 1920 comparat
1339 1875 1517 1909 Gruterus
1543 1874 1624 1909 Liv.
1652 1876 1682 1908 1.

131 1925 184 1959 10.
212 1926 276 1959 sed
301 1925 412 1960 effuse
449 1925 672 1960 vastantibus
707 1924 747 1958 fit
781 1925 909 1958 obvius
937 1936 1020 1957 cum
1046 1924 1209 1957 exercitu
1235 1922 1413 1957 Romulus
1440 1922 1581 1965 levique
1608 1933 1684 1956 cer-

130 1973 266 2006 tamine
293 1972 399 2006 docet
424 1984 557 2006 vanam
583 1973 659 2006 sine
685 1972 820 2005 viribus
848 1972 941 2005 iram
967 1982 1057 2005 esse.

223 2019 255 2054 2.
290 2019 500 2053 Verborum
538 2020 626 2053 ordo
667 2031 710 2052 ex
743 2018 983 2062 grammatica
1017 2019 1223 2051 strue-‘turae
1257 2017 1398 2050 ratione
1433 2019 1593 2050 mutatus
1620 2018 1685 2049 est.

127 2065 184 2099 De
216 2067 398 2100 sententia
430 2068 475 2101 cf.
506 2066 626 2101 Plaut.
660 2065 768 2100 Most.
808 2065 853 2098 V.
891 2066 921 2100 2.
949 2065 1003 2099 43.
1040 2065 1070 2098 31
1101 2064 1170 2098 1100
1199 2064 1311 2108 pudet
1344 2063 1486 2102 fecisse,
1524 2066 1683 2097 sumtum

131 2112 305 2157 supplicii
330 2113 446 2148 habeo
473 2114 571 2148 satis.
600 2113 681 2148 Ter.
709 2113 780 2148 Ad.
807 2112 876 2147 IV.
904 2114 934 2153 ἵ),
963 2112 994 2146 9.
1023 2111 1183 2145 erubuit:
1219 2111 1320 2144 salva
1345 2122 1401 2144 res
1430 2114 1494 2144 est.

226 2161 257 2195 3.
291 2160 539 2202 Corrigere
574 2171 703 2194 sanum
728 2160 883 2199 videtur,
921 2159 951 2192 si
978 2159 1125 2201 quidem
1158 2162 1211 2192 est
1239 2169 1349 2202 prava
1375 2157 1528 2191 arbitrio
1555 2160 1591 2190 et
1619 2167 1682 2202 po-

130 2210 265 2241 testate
292 2219 355 2241 sua
382 2208 585 2247 emendare,
613 2211 651 2240 ut
680 2218 788 2240 curva
816 2206 999 2250 corrigere
1024 2205 1220 2249 proverbio
1247 2205 1429 2244 dicuntur,
1457 2204 1517 2247 qui
1543 2215 1585 2237 ea
1608 2215 1685 2237 cor-

129 2255 248 2298 rigere
276 2266 313 2288 se
339 2266 446 2299 posse
470 2258 611 2299 putant,
651 2265 740 2297 quae
774 2254 880 2287 nimis
913 2254 984 2287 iam
1018 2253 1326 2286 inveteraverunt.
1352 2251 1449 2285 Vide
1475 2250 1685 2284 Forcellini.

131 2300 222 2335 Lex,
249 2313 282 2337 v,

223 2348 256 2383 4.
283 2348 436 2393 Sapiens
463 2360 546 2382 cum
571 2348 609 2382 id
635 2348 832 2392 cogitando
859 2351 956 2392 agat,
992 2351 1032 2381 ut
1059 2348 1179 2380 omnia
1205 2346 1302 2379 mala
1328 2345 1538 2389 patefaciat,
1566 2355 1683 2378 reme-

130 2395 191 2429 dia
217 2395 358 2436 doceat,
394 2396 558 2429 oratione
591 2396 766 2440 castiget:
802 2395 880 2428 fieri
905 2406 980 2428 non
1006 2397 1138 2438 potest,
1167 2394 1339 2437 quoniam
1366 2404 1491 2426 omnes
1518 2391 1683 2425 homines

129 2442 226 2475 vitiis
249 2442 432 2477 laborare
469 2443 579 2482 videt,
619 2443 704 2486 quin
743 2442 844 2476 nullo
879 2442 1090 2476 discrimine
1116 2452 1242 2475 omnes
1278 2439 1526 2485 aggrediatur.
1578 2437 1683 2472 Com-

129 2492 233 2532 parat
262 2488 439 2524 Gruterus
466 2490 597 2524 Comici
610 2489 703 2523 illud
720 2489 869 2524 Graeci:
897 2487 1011 2522 ὅπλον
1036 2489 1203 2532 μέγιστόν
1229 2488 1324 2520 ἐστιν
1350 2484 1368 2529 ἦ
1396 2485 1502 2531 ἀρετὴ
1528 2490 1685 2531 βροτοῖς.

226 2537 256 2571 ὃ.
298 2536 377 2578 „Pii
413 2548 455 2570 ac
493 2538 591 2580 grati
625 2542 677 2571 est
712 2536 939 2576 meminisse,
976 2536 1054 2579 quis
1081 2535 1270 2568 hominum
1296 2534 1433 2578 optime
1459 2533 1505 2567 de
1532 2536 1569 2566 te
1595 2532 1685 2565 furit

132 2583 316 2618 merituS.“
353 2582 522 2619 Orellius.

226 2630 257 2665 6.
287 2629 390 2674 „Quo
414 2632 544 2665 melior
569 2635 622 2664 est
649 2631 810 2674 quisque,
838 2630 906 2664 hoc
933 2629 1076 2673 saepius
1103 2628 1198 2663 ferre
1224 2632 1262 2662 te
1287 2627 1476 2661 consuevit
1503 2627 1582 2660 sine
1608 2625 1684 2659 ullo

131 2676 276 2756 delectlu
299 2676 479 2757 {nitentem
505 2682 542 2712 et
572 2679 668 2712 inter
693 2678 771 2721 ipsa
797 2676 971 2711 beneficia
1001 2675 1255 2710 metuendam“
1297 2674 1380 2709 Sen.
1409 2674 1456 2708 ad
1481 2672 1611 2716 Polyb.
1640 2671 1686 2705 de

133 2734 244 2757 conso
263 2751 270 2758 .
343 2752 350 2759 .
383 2739 409 2760 c.
