1967 3090
760 126 1081 170 —193—

144 245 266 291 palam
293 243 522 279 consulatum
550 242 640 286 eripi
667 241 797 275 Miloni
824 252 911 275 non
937 252 1093 284 posse,
1127 242 1240 275 vitam
1274 253 1422 285 posse.
1473 240 1576 275 Ovid.
1604 239 1693 276 Met.

145 291 256 326 VIII
288 291 364 326 187.
391 290 511 323 omnia
538 289 736 333 possideat
763 300 836 322 non
861 288 1024 332 possidet
1050 290 1134 322 aera
1159 287 1290 323 Minos.
1317 288 1399 323 Sen.
1423 287 1593 322 Controv.
1620 287 1693 323 III.

144 341 199 375 20,
226 351 261 383 p.
289 339 367 373 236.
395 338 449 372 ed.
477 336 558 381 Bip
595 337 763 370 inventus
789 339 840 370 est
869 336 929 379 qui
955 339 1098 380 patrem
1123 340 1287 380 posset
1312 336 1478 370 occidere
1504 339 1540 369 et
1565 346 1694 369 nover-

144 398 222 421 cam
249 397 336 420 non
363 389 535 428 posset.
587 383 759 417 Controv.
786 382 854 416 IV
883 382 937 418 29.
964 393 998 426 p.
1026 382 1105 417 314).
1133 383 1188 416 0(1.
1216 382 1296 426 Bip.
1323 382 1464 416 nullum
1490 383 1603 427 magis
1631 382 1693 416 ad-

143 433 345 467 versarium
371 432 511 467 timeas
539 442 647 474 quam
666 431 726 474 qui
745 430 868 463 vivere
893 441 982 463 non
1008 432 1187 473 potest,
1215 429 1382 464 occidere
1406 433 1578 474 potest.
1606 429 1693 464 ibid.

143 480 210 516 IV.
250 481 305 515 29.
334 491 356 523 1)
397 480 475 514 316.
515 478 570 512 0(1.
597 477 668 521 Bip
645 489 678 521 p.
715 477 888 511 damnare
921 477 1025 510 illum
1058 477 1209 520 potui,
1245 477 1403 521 effugere
1436 487 1525 510 non
1551 478 1692 520 potui.

143 527 226 562 Sen.
262 527 306 561 de
332 527 373 560 ir.
401 525 431 559 I.
459 527 513 560 20.
542 526 573 560 9.
607 523 753 568 Quanta
778 524 963 558 dementia
994 523 1082 557 fuit!
1120 524 1265 568 putavit
1299 529 1362 557 aut
1396 523 1465 558 sibi
1491 525 1614 558 noceri
1640 536 1693 559 ne

143 575 188 609 ab
214 574 303 608 Iove
329 573 510 617 131ᾶο111
536 582 673 616 posse
699 575 761 605 aut
787 583 824 605 se
850 582 982 606 nocere
1007 571 1117 605 etiam
1141 570 1223 605 Iovi
1248 581 1394 615 posse.
1422 571 1509 605 ibid.
1535 570 1588 605 Π.
1608 572 1638 612 3,
1658 572 1690 606 4.

141 622 235 655 hanc
271 622 362 654 iiam
395 632 483 654 non
508 630 639 659 voco,
676 629 786 652 voco
821 619 918 664 [add.
945 617 1005 653 Fr.
1032 617 1204 663 Haasius]
1237 621 1377 652 motum
1411 619 1522 652 animi
1556 618 1688 653 rationi

142 672 340 713 parentem.
370 666 616 706 11)1(1.Π.22,
643 666 675 700 4.
703 669 864 710 potest
890 667 987 700 enim
1012 676 1131 710 poena
1148 665 1262 699 dilata
1288 665 1394 709 exigi,
1421 676 1511 699 non
1535 669 1695 709 pot-est

142 719 271 751 exacta
296 715 471 749 revocari.
499 714 545 747 ad
561 712 655 757 Poly
657 713 691 746 b.
720 714 765 747 de
791 713 926 748 consol.
954 712 1000 747 V.
1028 713 1060 747 2.
1086 712 1149 747 1110
1175 713 1358 747 desiderio
1384 712 1452 747 tibi
1471 724 1548 747 esse
1574 713 1692 754 vult,

142 766 326 797 tormento
353 773 430 796 esse
457 773 542 795 non
567 773 588 794 x
580 760 677 796 ult.
712 759 904 805 ep.X111.
941 761 961 795 2
987 761 1064 805 (87)
1092 761 1145 796 14.
1179 760 1225 794 ad
1251 759 1420 794 effectum
1445 760 1695 804 pertinent

142 811 404 845 instrumenta.
440 808 552 842 tibiae
580 814 616 842 et
642 819 780 852 organa
806 812 843 841 et
869 807 1036 848 chordae
1064 807 1111 841 ad
1135 810 1253 842 artem
1277 807 1396 851 ipsam
1427 818 1514 841 non
1538 807 1693 851 perti-

143 862 264 893 nent.
300 868 355 901 ep.
382 855 486 890 XVI.
522 856 542 890 2
568 855 646 895 (9ῖ)
682 856 735 890 13.
771 854 960 900 eleganter
990 843 1113 898 itaque
1147 855 1192 889 ab
1219 854 1380 899 Epicuro
1412 854 1550 889 dictum
1581 858 1692 898 puto:

140 904 308 938 Potest
333 903 479 937 nocenti
505 903 729 947 contingere,
757 907 798 936 ut
814 903 939 943 lateat,
967 902 1108 936 latendi
1134 901 1224 936 fides
1250 913 1337 936 non
1362 905 1532 945 potest.
1567 900 1691 945 Quint.

141 951 188 987 X.
216 953 247 991 6,
275 953 306 986 6.
334 950 454 994 Quare
472 950 648 995 cogitatio
666 950 704 983 in
721 950 789 983 hoc
807 954 1055 994 praeparetur.
1082 952 1123 983 ut
1148 961 1213 983 nos
1240 949 1388 983 fortuna
1413 949 1581 993 decipere
1605 960 1693 983 non

141 999 308 1043 possit.
337 998 509 1032 adiuvare
535 997 687 1042 possit
711 996 935 1037 X11.3,12.
954 996 1189 1050 philosophia
1205 997 1303 1031 enim
1321 996 1484 1030 simulari
1510 1000 1690 1040 potest.

141 1045 348 1090 eloquentia
389 1056 477 1079 non
515 1048 686 1089 potest.
746 1043 781 1077 V
785 1044 911 1078 erbum
946 1056 995 1078 00
1037 1044 1160 1078 itare
1192 1056 1273 1078 cum
1306 1043 1486 1078 infinitivo
1521 1044 1693 1088 coniungi

139 1097 268 1127 notum
294 1097 347 1127 est
375 1093 421 1128 cf.
448 1092 528 1128 Ter.
548 1091 680 1126 Heaut.
707 1091 779 1126 111.
807 1092 838 1133 3,
858 1091 914 1126 46.
941 1057 1030 1136 quid
1052 1103 1149 1125 nunc
1174 1091 1295 1126 facere
1321 1091 1486 1133 cogitas?
1512 1091 1602 1125 Hor.
1622 1090 1690 1135 Ep.

140 1140 171 1176 I.
199 1141 230 1175 2.
259 1140 315 1175 20.
344 1141 373 1174 31
400 1140 637 1184 comportatis
664 1139 771 1173 rebus
797 1139 889 1174 bene
915 1140 1056 1184 cogitat
1080 1139 1146 1174 uti.
1184 1139 1230 1172 A.
1257 1138 1298 1173 P.
1328 1139 1405 1173 1213.
1435 1139 1512 1174 144.
1540 1150 1612 1172 non
1638 1138 1691 1172 fu-

143 1200 243 1221 mum
270 1199 314 1221 ex
332 1187 485 1231 fulgore,
515 1187 577 1221 sed
604 1198 648 1220 ex
674 1186 771 1220 fumo
790 1186 877 1220 dare
902 1187 1022 1221 11100111
1048 1187 1198 1232 cogitat.
1238 1185 1345 1229 Quod
1363 1185 1408 1220 de
1426 1186 1521 1220 irato
1547 1186 1693 1220 homine

144 1235 234 1268 dicit
255 1233 403 1275 Seneca,
430 1234 526 1268 idem
552 1234 597 1268 de
614 1233 710 1267 malo
729 1233 867 1267 dictum
892 1237 1071 1278 putemus.
1098 1233 1136 1267 Is
1163 1233 1260 1267 enim
1284 1233 1375 1267 haec
1402 1233 1447 1267 (10
1472 1233 1513 1267 ir.
1542 1233 1572 1269 I.
1600 1234 1631 1274 3,
1659 1234 1690 1267 2.

143 1282 301 1325 primum
339 1281 495 1315 diximus
531 1281 769 1325 cupiditatem
808 1292 886 1315 esse
925 1292 1066 1325 poenae
1104 1281 1318 1325 exigendae,
1357 1291 1429 1314 non
1466 1280 1681 1315 facultatem

143 1328 416 1372 Concupiscunt
452 1332 573 1362 autem
607 1328 771 1362 homines
806 1335 842 1362 et
876 1339 968 1372 quae
1001 1340 1075 1362 non
1109 1332 1264 1372 possunt
1298 1328 1380 1363 coll.
1416 1327 1445 1361 I.
1474 1329 1504 1369 Ξ),
1533 1329 1564 1363 3.
1600 1328 1631 1369 6,
1658 1329 1691 1362 4.

140 1375 246 1410 Publ.
275 1375 300 1409 S
328 1378 344 1410 1
374 1376 487 1413 (534).

233 1423 289 1458 40.
316 1422 390 1456 Hic
417 1434 540 1457 versus
575 1434 618 1456 ex
643 1423 768 1466 paucis
795 1426 860 1464 est,
887 1434 1040 1466 quorum
1065 1422 1154 1456 ordo
1176 1422 1370 1456 verborum
1389 1433 1432 1456 ex
1449 1422 1691 1466 grammatica

141 1470 206 1503 illa
234 1470 375 1504 ratione
407 1470 460 1503 ita
490 1470 726 1514 perturbatus
761 1474 826 1504 est.
861 1474 901 1504 ut
935 1471 1046 1504 etiam
1080 1481 1198 1504 sermo
1223 1470 1313 1504 vitia
1338 1469 1574 1503 contraxerit.
1602 1468 1690 1512 Quis

143 1517 238 1551 enim
270 1528 344 1551 non
376 1517 478 1551 videt
512 1517 713 1551 orationem
748 1518 785 1551 in
810 1516 840 1550 F
875 1517 925 1551 sic
952 1517 1193 1561 compositam
1217 1517 1335 1551 videri
1369 1528 1442 1550 non
1466 1520 1507 1550 ut
1533 1517 1691 1560 scriptor

142 1564 330 1598 Romanus
355 1564 601 1608 composuisse
627 1565 812 1608 putandus
839 1570 903 1605 est,
933 1564 995 1598 sed
1021 1568 1063 1598 ut
1081 1565 1226 1598 scholae
1245 1565 1382 1598 latinae
1399 1564 1503 1608 pueri
1521 1563 1690 1598 ordinare

141 1611 336 1645 iubentur?
375 1610 463 1654 91113
500 1616 555 1646 est
590 1623 696 1655 quem
729 1623 802 1645 non
834 1611 996 1646 offendat
1031 1612 1211 1646 sententia
1235 1611 1298 1645 illa
1323 1611 1477 1645 relativa
1502 1611 1688 1652 orationis,

141 1669 231 1703 quae
247 1658 391 1699 dicit-ur,
417 1665 549 1699 rectae,
576 1670 642 1703 pro
671 1670 741 1702 qua
767 1663 998 1703 exspectetur
1016 1659 1198 1693 sententia
1221 1658 1486 1703 interrogativa
1503 1658 1688 1699 orationis,

141 1717 249 1759 (1113111
282 1717 462 1745 vocamus,
496 1705 689 1750 obliquae?
723 1705 852 1750 Itaque
888 1707 917 1740 si
951 1718 1097 1741 versum
1131 1717 1260 1740 sanare
1294 1706 1469 1747 volueris,
1508 1706 1691 1740 constanti

141 1753 261 1786 animo
287 1753 409 1793 verba,
435 1758 476 1787 ut
501 1753 582 1793 feci,
609 1754 884 1797 transponenda
910 1761 1026 1789 erunt.
1064 1752 1151 1787 Pari
1177 1753 1286 1787 modo
1313 1753 1404 1787 alios
1422 1764 1546 1787 versus
1563 1751 1689 1787 Publi-

143 1801 258 1833 lianos
292 1800 331 1834 in
364 1800 468 1834 libris
503 1801 598 1835 male
623 1800 790 1835 turbatos
817 1812 894 1835 esse
921 1801 1079 1835 ostendi.
1114 1800 1168 1834 Cf.
1195 1800 1301 1835 Publ.
1328 1799 1355 1834 C
1381 1800 1426 1835 26
1450 1801 1563 1846 (111)
1591 1799 1621 1833 F
1647 1801 1690 1836 26

141 1847 255 1892 (191).
282 1847 322 1881 M
350 1848 369 1882 Ξ)
395 1847 634 1892 (313).Ῡ1(10
659 1848 773 1892 praef.
801 1860 834 1892 p.
865 1848 917 1882 14.
955 1848 1017 1893 Ap
1020 1849 1068 1882 ud
1093 1847 1268 1882 Bothium
1291 1858 1436 1882 versum
1460 1858 1533 1882 non
1558 1847 1689 1883 inveni.

143 1884 239 1929 Vide
254 1905 343 1938 quae
356 1894 426 1929 hoc
441 1895 486 1929 (10
498 1906 606 1928 versu
630 1860 855 1929 Ribbeckius
882 1895 919 1929 in
949 1895 1043 1931 Mus.
1070 1894 1189 1929 Rhen.
1218 1894 1342 1930 XXV.
1371 1895 1449 1930 320.
1477 1895 1688 1939 disputavit.

141 1941 288 1994 Similes
302 1952 426 1976 xersus
442 1942 548 1976 video
563 1942 658 1986 apud
668 1942 750 1977 Ter.
764 1942 858 1976 Eun.
870 1942 917 1978 V
927 1943 960 1984 2,
971 1943 1027 1978 41.
1039 1943 1094 1977 4¹2.
1113 1943 1197 1976 Non
1209 1943 1300 1976 adeo
1315 1942 1510 1976 inhumano
1525 1953 1594 1986 ego
1611 1953 1690 1975 suni

141 1989 298 2034 ingenio,
340 1988 511 2030 Chaerea,
553 2000 670 2033 neque
704 1990 755 2023 ita
789 1989 967 2034 imperita,
999 1993 1041 2023 ut
1073 1989 1160 2033 quid
1186 2001 1287 2023 amor
1312 1990 1433 2024 valeat
1456 1989 1626 2030 nesciam,
1654 1992 1691 2023 et

144 2036 241 2080 apud
265 2036 385 2080 ipsum
410 2035 612 2070 Publilium
636 2036 683 2070 A.
714 2037 767 2071 15.
793 2035 916 2070 Homo
942 2037 1032 2071 felix
1056 2036 1211 2071 necdum
1234 2037 1348 2071 ullam
1372 2036 1515 2071 cladem
1532 2047 1690 2080 unquam

142 2087 315 2127 expertus
348 2083 520 2117 audacius
554 2083 756 2127 periculum
794 2084 962 2128 capessit,
997 2095 1106 2128 quam
1139 2084 1239 2117 cuius
1266 2084 1405 2118 animus
1431 2088 1601 2128 acceptae
1628 2083 1690 2117 ali-

142 2131 241 2164 cuius
275 2130 494 2164 calamitatis
521 2131 695 2164 memoria
728 2130 953 2166 debilitatur.
981 2130 1098 2165 Tenet
1123 2131 1219 2175 apud
1243 2142 1310 2165 nos
1338 2131 1407 2165 hoc
1439 2131 1689 2175 proverbium:

143 2176 396 2220 „Grebranntes
422 2177 526 2211 Kind
551 2177 715 2212 fiirchtet
739 2178 805 2211 das
830 2177 980 2213 Feuer.²‘

234 2224 290 2259 41.
318 2223 403 2258 Dif
408 2224 616 2259 fidentia
649 2225 850 2269 proposuit,
883 2236 957 2259 non
983 2225 1099 2260 edidit
1126 2224 1314 2266 Gruterus,
1342 2236 1425 2259 cum
1449 2224 1540 2259 haec
1565 2225 1688 2260 addit:

142 2270 235 2315 „Qui
266 2271 364 2305 enim
397 2271 544 2312 diffidit,
579 2272 731 2306 consilia
764 2273 879 2306 multa
914 2273 1013 2318 cogit
1036 2272 1135 2306 intra
1160 2275 1297 2317 pectus,
1327 2273 1390 2306 sed
1415 2272 1555 2306 nullum
1580 2272 1692 2306 audet

141 2319 274 2362 sequi.“
315 2318 388 2353 Sed
414 2319 541 2353 eadem
567 2319 750 2354 sententia
776 2323 830 2353 est
854 2318 960 2354 Publ.
987 2319 1026 2354 M
1052 2320 1072 2355 3
1094 2319 1206 2364 (311).

237 2365 292 2400 42.
319 2364 461 2400 Multae
487 2366 581 2401 aliae
607 2377 741 2410 eaeque
769 2367 931 2401 diversae
958 2367 1120 2401 eiusdem
1146 2366 1349 2410 argumenti
1374 2366 1579 2401 sententiae
1594 2367 1691 2411 apud

140 2411 341 2446 Publilium
373 2413 616 2447 inveniuntur.
651 2425 799 2457 quarum
834 2425 897 2448 sua
928 2414 1055 2458 cuique
1088 2413 1285 2448 tribuenda
1319 2417 1384 2453 est,
1420 2414 1491 2448 alia
1524 2414 1603 2459 regi
1629 2418 1691 2448 aut

142 2460 364 2503 imperatori,
393 2460 465 2494 alia
489 2461 719 2506 magistratui
745 2464 806 2494 aut
832 2461 954 2501 iudici,
982 2462 1053 2496 alia
1076 2461 1175 2505 patri
1201 2464 1265 2495 aut
1288 2461 1476 2505 magistro.
1503 2460 1557 2496 Cf.
1565 2442 1690 2496 0.Publ

140 2506 160 2540 1
187 2507 207 2541 9
232 2506 347 2551 (238).
386 2506 407 2540 I
433 2508 477 2542 55
503 2507 615 2552 (285).
654 2507 689 2541 N
718 2508 760 2542 18
785 2508 895 2552 (394).
936 2507 970 2552 9
993 2509 1039 2544 28
1064 2508 1176 2554 (528).
1211 2509 1244 2552 Q
1269 2508 1313 2542 35
1339 2509 1450 2553 (535).
1477 2507 1502 2542 S
1529 2509 1549 2543 9
1575 2509 1688 2553 (5921.

142 2553 178 2586 V
208 2554 249 2588 17
286 2554 398 2598 6410)(
439 2554 604 2590 Similem
641 2555 725 2588 Afri
763 2554 919 2589 Domitii
955 2556 1050 2590 hanc
1088 2556 1308 2590 sententiam
1343 2559 1523 2589 memorat
1564 2550 1689 2599 Quint.

145 2600 256 2636 VIH.
308 2602 381 2636 .:3
408 2600 596 2647 Princeps,
625 2602 685 2645 qui
703 2602 782 2636 vult
800 2603 921 2636 omnia
937 2603 1040 2644 scire,
1065 2613 1213 2637 necesse
1242 2602 1354 2636 habet
1386 2603 1530 2636 multa
1562 2615 1575 2636 1
1585 2614 1690 2646 gno-

142 2659 288 2682 scere.
338 2648 392 2682 Cf.
419 2649 531 2683 etiam
557 2648 664 2684 Publ.
692 2648 720 2683 C
746 2650 802 2684 45.

235 2695 292 2730 43.
331 2695 433 2729 Solet
462 2696 644 2731 Publilius
673 2696 834 2735 verbum,
874 2696 912 2730 in
938 2707 1009 2740 quo
1035 2697 1235 2731 sententiae
1259 2697 1315 2731 vis
1341 2697 1459 2741 posita
1485 2700 1549 2737 est,
1576 2696 1689 2740 gemi-

140 2753 228 2776 nare
255 2742 300 2777 cf.
327 2742 358 2776 B
385 2744 427 2777 21
455 2744 546 2788 (64).
584 2743 616 2778 Β
643 2744 687 2778 24
715 2744 802 2789 (67).
844 2742 871 2777 C
898 2743 944 2778 28
969 2744 1083 2788 (113).
1122 2744 1151 2778 C
1179 2744 1223 2779 38
1250 2745 1362 2789 (654).
1402 2743 1437 2778 D
1462 2744 1483 2778 4
1508 2744 1621 2788 (126).
1660 2742 1691 2777 F
