1967 3090
796 174 854 180 -
915 150 999 193 243
1065 172 1118 179 -

177 268 308 306 liano-2
349 267 413 302 sed
452 267 563 301 etiam
603 278 723 301 rerum
758 266 948 299 nimiarum
983 264 1282 308 appetentissimo
1315 264 1443 306 cuique
1477 267 1512 296 et
1540 261 1733 296 vaferrimo

205 315 346 348 robata.

177 326 201 359 p
273 362 329 395 21.
357 360 546 395 Sententia
573 361 616 395 de
642 371 754 404 aequa
773 364 807 394 et
826 359 949 402 iniqua
973 358 1186 401 imperantis
1213 357 1426 391 condicione
1453 356 1733 401 interpretanda

178 411 243 448 est,
270 408 321 441 ita
347 413 385 442 ut
412 409 442 442 si
467 408 542 452 qui
567 409 767 452 imperat
794 407 840 440 sit
866 406 1078 449 imperator,
1105 405 1259 438 victoria
1285 410 1320 438 et
1348 404 1480 439 clades.
1510 409 1570 437 aut
1599 404 1628 437 si
1654 403 1733 447 qui

177 456 374 499 imperat
408 455 575 489 dominus
610 456 672 494 sit,
717 452 918 487 dominatio
961 454 996 485 et
1031 452 1186 484 servitus
1221 450 1490 495 intellegendae
1524 450 1731 485 videantur.

175 501 258 536 Ter.
284 501 431 537 Phorm.
467 501 517 536 II.
547 504 576 541 1,
609 503 659 537 11.
691 501 741 535 12.
778 499 1016 544 quamobrem
1049 509 1183 534 omnes.
1224 509 1305 532 cum
1338 497 1516 532 secundae
1554 509 1610 531 res
1646 500 1733 531 sunt,

176 559 354 587 maxume.
395 552 474 583 tum
511 559 677 583 maxume
715 546 886 582 meditari
925 556 1048 579 secum
1081 548 1244 588 oportet.
1284 555 1353 588 quo
1392 551 1500 588 pacto
1541 545 1736 578 adversam

173 606 385 630 aerumnam
410 595 542 630 ferant.
592 595 682 629 Iust.
709 596 763 628 31.
792 597 823 629 2.
851 592 932 627 Sen.
960 591 1074 627 Theb.
1102 592 1181 626 595.
1224 591 1269 624 In
1295 593 1510 625 servitutem
1537 592 1666 626 cadere
1688 591 1733 625 de

175 653 289 686 regno
315 654 427 687 grave
453 647 520 678 est.
557 642 662 677 Publ.
689 641 727 675 H
758 643 795 675 li
825 640 937 684 (2115).
977 638 1016 673 M
1043 640 1085 674 31
1114 639 1227 683 (339).
1255 637 1377 673 Minus
1403 645 1502 673 recte
1529 637 1732 672 Nisardus:

177 688 272 734 „Qui
299 690 514 724 commande
541 690 619 723 doit.
644 689 834 733 envisager
858 687 893 720 le
919 697 1012 731 pour
1037 690 1071 720 et
1098 686 1132 719 le
1158 689 1319 720 contref·
1362 684 1407 719 Id
1440 686 1538 720 enim
1564 696 1636 719 non
1662 685 1727 719 im-

176 737 349 781 perantis,
378 736 442 770 sed
467 736 661 770 iudicantis
688 739 753 769 est.

271 789 327 824 22.
353 788 569 832 Pyrrhichia
596 800 628 824 v.
655 788 800 834 magis
826 797 994 822 mensura
1020 797 1108 820 num
1132 785 1312 819 Publilius
1339 796 1424 820 usus
1452 785 1498 819 sit
1526 784 1652 819 dubito
1688 785 1733 819 cf.

181 835 220 872 M
249 837 289 871 15
317 836 430 881 (325).
457 835 496 870 Μ
521 836 566 870 4⁸1·
592 835 707 880 (348).

269 883 326 919 23.
352 882 486 918 Nescio
512 894 558 917 an
583 882 647 916 illa
673 882 875 926 scripturae
901 881 1092 915 diversitas
1119 891 1164 914 ex
1191 879 1274 914 Sen.
1303 880 1474 914 Controv.
1512 878 1586 914 III.
1614 879 1727 923 praef.

174 931 279 964 illata
305 931 362 970 sit,
398 930 495 974 apud
526 941 634 974 quem
664 929 754 963 haec
788 929 980 973 leguntur:
1019 927 1238 971 ..Nunquam
1271 927 1369 961 enim
1401 926 1556 971 amplius
1585 927 1622 960 in
1648 926 1729 960 foro

172 977 278 1017 dixit,
305 977 414 1011 homo
441 988 602 1011 summae
628 976 833 1020 probitatis,
862 975 923 1019 qui
948 985 1015 1009 nec
1042 974 1161 1009 facere
1188 975 1357 1008 iniuriam
1385 985 1451 1008 nec
1479 974 1555 1017 pati
1582 974 1727 1008 sciret.“

174 1023 412 1067 Eandemque
443 1024 692 1068 corruptelam
727 1023 845 1057 altero
871 1022 935 1056 illo
961 1021 1114 1056 Publilii
1140 1022 1220 1056 loco
1247 1021 1337 1055 mihi
1363 1020 1648 1064 deprehendisse
1675 1021 1727 1053 vi-

176 1071 265 1106 deor
291 1070 318 1105 O
338 1072 381 1105 25
400 1072 490 1115 (99).
528 1071 580 1106 L't
598 1071 637 1104 in
655 1071 732 1111 1100,
761 1070 805 1104 de
831 1081 901 1114 quo
929 1069 1166 1113 disputamus.
1192 1069 1306 1112 pati.
1337 1069 1387 1102 sic
1413 1069 1452 1101 in
1478 1068 1542 1102 illo
1570 1067 1727 1102 facere

177 1129 197 1151 a
223 1118 394 1158 librariis,
428 1119 490 1161 qui
522 1118 618 1162 pati
653 1122 689 1151 et
722 1118 878 1151 facere
913 1117 1100 1160 eleganter
1134 1116 1269 1160 opponi
1295 1116 1556 1155 meminissent,
1592 1115 1636 1149 de
1663 1125 1727 1149 suo

174 1165 342 1199 additum
367 1169 467 1209 puto.
494 1165 591 1199 Vide
616 1164 754 1208 Meyer.
780 1175 816 1208 p.
843 1164 898 1199 3«.

270 1218 325 1253 24.
361 1217 443 1252 Hoc
475 1229 599 1252 versus
633 1218 815 1252 sententia
847 1216 952 1250 docet
986 1216 1143 1250 multum
1177 1215 1334 1255 referre.
1373 1219 1496 1248 utrum
1529 1215 1729 1259 sapientiae

175 1266 336 1309 speciem
373 1276 461 1309 prae
494 1270 531 1299 te
565 1264 662 1299 feras
697 1265 860 1308 corporis
895 1263 1024 1297 habitu
1050 1274 1097 1296 an
1122 1264 1201 1307 ipso
1228 1263 1393 1297 veritatis
1421 1262 1541 1296 studio
1569 1263 1731 1295 animum

179 1313 226 1346 ad
260 1323 339 1346 eam
373 1312 602 1356 applicueris
654 1311 710 1346 Cf.
743 1311 824 1345 Ter.
857 1310 974 1345 Andr.
1014 1309 1083 1345 IV.
1118 1311 1150 1350 4.
1187 1310 1242 1350 55.
1287 1310 1340 1345 56.
1382 1309 1520 1343 ..11113111
1554 1310 1731 1343 interesse

175 1370 299 1393 censes
335 1371 377 1393 ex
413 1360 533 1393 animo
568 1359 689 1393 omnia
722 1362 760 1392 ut
793 1358 866 1392 fert
900 1362 1030 1391 natura
1057 1357 1170 1391 facias
1197 1367 1244 1390 an
1270 1356 1314 1390 de
1340 1356 1566 1390 industria?··
1599 1355 1729 1399 quibus

175 1417 220 1440 ex
245 1405 407 1440 Terentii
432 1406 552 1441 verbis
577 1405 825 1440 Publilianum
859 1412 1089 1448 compactum
1115 1415 1192 1438 esse
1225 1408 1347 1438 censet
1373 1402 1589 1447 Spengelius
1616 1402 1726 1447 praef.

174 1465 210 1497 p.
240 1453 293 1488 17.
321 1452 412 1489 Hor.
448 1464 504 1497 ep.
531 1452 562 1489 I.
590 1454 643 1491 19.
683 1452 830 1487 ivi-16.
873 1451 982 1486 Mart.
1018 1452 1131 1496 epigr.
1159 1450 1270 1486 VIII.
1307 1451 1361 1486 38.
1390 1451 1422 1485 7.
1461 1449 1585 1494 Quint.
1613 1450 1643 1490 3.
1674 1450 1727 1485 12.

175 1500 405 1545 philosophia
431 1501 527 1535 enim
553 1500 717 1534 simulari
743 1503 876 1543 potest.
904 1498 1109 1542 eloquentia
1136 1509 1208 1532 non
1234 1502 1365 1542 potest.

271 1553 326 1589 25.
353 1553 550 1598 Comparat
577 1553 755 1587 Gruterus
783 1551 856 1586 Cic.
883 1551 983 1586 Lael.
1005 1550 1118 1585 VIII.
1145 1551 1200 1585 28.
1227 1551 1318 1584 nihil
1345 1554 1398 1585 est
1425 1551 1522 1585 enim
1541 1549 1731 1584 amabilius

175 1600 311 1634 virtute
337 1605 428 1644 etqs.

269 1648 326 1683 26.
360 1647 410 1682 Ut
444 1648 666 1693 linguam,
699 1647 761 1680 ubi
782 1646 1015 1686 obmutuerit,
1037 1645 1202 1679 cadere
1221 1645 1390 1679 dixerunt
1412 1643 1472 1688 (fef.
1492 1643 1586 1680 Hor.
1614 1643 1732 1680 Carm.

176 1693 246 1729 IV.
281 1696 309 1730 1.
346 1695 400 1730 36.
437 1693 529 1730 Stat.
556 1693 644 1729 Silv.
679 1693 732 1730 II.
762 1695 791 1728 1.
824 1694 917 1737 149.)
951 1693 1001 1727 sic
1033 1693 1195 1737 linguam
1228 1692 1383 1726 liberam
1415 1691 1585 1725 dixerunt
1620 1690 1725 1726 Ovid.

177 1752 234 1785 ep.
261 1752 306 1776 ex
332 1740 438 1777 Pont.
466 1741 539 1776 111.
567 1742 599 1782 3,
625 1742 681 1776 22.
709 1745 744 1779 et
771 1740 870 1776 Suet.
897 1739 977 1774 Tib.
1005 1739 1060 1774 23.

269 1795 325 1830 27.
352 1793 512 1829 Orellius
539 1794 727 1840 vulgatam
747 1794 967 1838 scripturam
981 1792 1114 1837 probat
1132 1796 1238 1835 atque
1253 1792 1303 1826 ita
1317 1792 1598 1836 interpretatur:
1629 1797 1665 1825 et
1691 1791 1730 1825 in

173 1841 291 1875 otiosa
317 1841 392 1876 vita
418 1845 611 1886 praeterea
636 1841 753 1875 minus
781 1852 886 1875 curae
913 1844 969 1874 est
995 1851 1104 1883 quam
1126 1840 1164 1873 in
1188 1844 1336 1883 regno*
1364 1838 1482 1883 Quem
1503 1842 1645 1872 secutus
1673 1841 1728 1872 est.

174 1887 351 1923 Nisardus
378 1889 428 1923 sic
454 1889 732 1933 interpretatus:
760 1888 864 1928 ..[’110
882 1887 940 1921 vie
957 1887 1068 1921 oisive
1094 1892 1147 1921 est
1173 1886 1265 1921 celle
1292 1886 1378 1920 d'un
1416 1886 1472 1920 roi
1498 1896 1585 1920 avec
1611 1886 1728 1919 moins

174 1935 220 1969 de
246 1936 400 1970 soucisf‘
439 1934 604 1979 Denique
630 1935 855 1970 Ribbeckius
881 1945 1010 1978 parum
1026 1933 1221 1968 rotundam
1239 1936 1274 1967 et
1293 1932 1494 1967 dilucidam
1512 1933 1733 1967 sententiam

174 1993 254 2017 esse
279 1987 378 2017 ratus
411 1984 463 2017 sic
494 1983 776 2027 interpretatur:
816 1982 937 2027 ..regis
963 1981 1041 2014 vita
1066 1980 1204 2014 fruitur
1230 1980 1378 2020 otiosus,
1404 1980 1475 2013 nisi
1501 1980 1600 2023 quod
1626 1990 1731 2014 cura-

173 2040 255 2063 rum
291 2030 411 2063 minus
447 2029 594 2064 1131101.Η
634 2029 705 2064 Sed
743 2029 860 2063 oratio
900 2028 1046 2062 videt-ur
1083 2039 1213 2072 parum
1251 2027 1443 2067 concinnay
1483 2027 1580 2070 quod
1616 2026 1731 2061 verba

174 2087 337 2117 „curae
362 2077 538 2110 minus‘⁴
572 2088 645 2110 non
677 2076 831 2114 habent,
865 2086 934 2118 quo
966 2074 1182 2109 referantur.
1242 2073 1351 2118 Quod
1384 2085 1451 2119 ego
1486 2075 1625 2117 scripsi,
1662 2074 1729 2107 1100

173 2123 285 2157 velim
310 2123 534 2169 significare:
562 2122 675 2163 „Vita
701 2123 767 2156 otii
793 2122 900 2166 plena
927 2126 1034 2165 atque
1060 2133 1173 2155 vacua
1200 2122 1295 2155 curis
1322 2121 1424 2166 regia
1450 2125 1538 2156 estfl

269 2176 326 2211 28.
365 2175 433 2217 „In
458 2176 642 2210 communi
667 2176 830 2209 omnium
855 2174 1115 2218 depravatione
1141 2184 1283 2208 morum
1309 2173 1401 2207 nihil
1439 2173 1607 2217 querelae
1644 2184 1729 2217 pro-

173 2222 336 2257 ficiunt.“
374 2221 533 2257 Versum
558 2223 605 2257 ad
629 2222 736 2258 Publ.
765 2221 795 2256 Ο
824 2222 866 2257 13
892 2221 994 2266 (448)
1022 2221 1149 2255 retulit
1175 2219 1422 2256 Woelfflinus.
1467 2219 1563 2255 Vide
1589 2219 1728 2265 Meyer.

173 2269 259 2306 Act.
286 2269 386 2306 Mon.
414 2270 518 2306 1872.
542 2268 611 2305 IV.
638 2281 673 2314 p.
701 2268 780 2304 558.

269 2317 325 2352 29.
352 2317 427 2352 Cic.
453 2316 532 2352 Cat.
558 2316 613 2353 ΙΙ.
646 2317 694 2356 13.
721 2316 778 2351 2⁴5.
812 2314 887 2351 ΙΙΙ.
915 2315 946 2355 6,.
976 2316 1029 2350 15.
1063 2314 1160 2350 Phil.
1186 2313 1297 2350 VIII.
1333 2315 1364 2355 5,
1394 2315 1447 2350 15.
1494 2314 1540 2349 In
1572 2325 1727 2359 corpore

175 2364 206 2397 si
230 2364 318 2407 quid
343 2364 522 2398 eiusmodi
547 2367 612 2405 est,
639 2363 735 2407 quod
759 2363 900 2407 reliquo
927 2363 1071 2406 corpori
1097 2365 1238 2401 noceat.
1266 2362 1323 2396 uri
1341 2364 1529 2405 secarique
1554 2362 1725 2406 patimur,

174 2413 215 2445 ut
239 2411 486 2446 membrorum
519 2410 668 2455 aliquod
692 2410 824 2454 potius,
861 2420 970 2454 quam
1000 2413 1120 2444 totum
1144 2420 1275 2453 corpus
1301 2409 1478 2444 intereat:
1515 2409 1566 2443 sic
1592 2409 1630 2443 in
1656 2409 1726 2443 rei-

173 2457 341 2502 publicae
359 2469 522 2502 corpore,
548 2462 588 2492 ut
606 2461 725 2492 totum
743 2457 883 2490 salvum
900 2456 958 2497 sit,
984 2455 1158 2501 quicquid
1183 2460 1238 2490 est
1255 2455 1480 2500 pestiferum,
1509 2459 1727 2501 amputetur.

177 2504 370 2540 Contraria
395 2508 450 2539 est
476 2505 655 2539 sententia
680 2503 787 2539 Publ.
814 2502 853 2537 H
878 2504 921 2538 22
947 2503 1060 2548 (224).
1086 2502 1126 2538 Μ
1150 2503 1194 2538 37
1223 2503 1337 2548 (345).

271 2557 326 2592 30.
362 2557 437 2599 „Ut
464 2557 646 2602 cupiditas
682 2556 784 2590 nulla
809 2567 848 2590 re
873 2556 1015 2600 potitur
1039 2555 1109 2590 nisi
1134 2556 1187 2589 ita
1212 2560 1252 2589 ut
1278 2556 1369 2589 alios
1396 2555 1578 2590 secludat:
1619 2556 1671 2589 sic
1696 2558 1736 2589 ut

175 2604 264 2638 alios
291 2604 467 2645 secludat,
493 2604 587 2639 m‘hil
612 2608 737 2638 tenere
764 2614 865 2637 amor
890 2603 1050 2637 studet&
1094 2602 1149 2637 Cf.
1176 2601 1282 2637 Pauli
1307 2614 1362 2647 ep.
1389 2602 1437 2637 ad
1461 2602 1543 2637 Cor.
1570 2601 1600 2638 Ι.
1631 2602 1684 2637 13.

271 2658 326 2692 31.
353 2656 410 2691 De
437 2657 619 2692 sententia
644 2656 728 2690 vide
755 2654 860 2691 Publ.
887 2654 923 2689 N
949 2655 994 2690 50
1017 2656 1130 2700 (425).

271 2710 326 2745 33.
354 2708 521 2743 Praetuli
547 2709 749 2743 alienum
775 2712 812 2742 et
837 2711 961 2742 tuum
987 2707 1031 2743 cf.
1057 2707 1164 2743 Publ.
1184 2708 1219 2742 A
1238 2708 1294 2743 28.
1330 2707 1428 2747 „Ubi
1454 2707 1609 2741 aliorum
1633 2706 1734 2740 bona

175 2757 317 2797 emeris.
344 2756 550 2800 periculum
575 2760 640 2796 est,
672 2767 717 2790 ne
744 2754 890 2799 quando
915 2760 977 2789 tua
1002 2759 1193 2791 veneantf⁴
1235 2754 1368 2790 Nescio
1402 2765 1450 2788 an
1474 2754 1564 2788 haec
1592 2756 1735 2787 senten-

1455 2813 1526 2846 16*
