1967 3090
735 132 790 137 —-
857 110 936 151 159
1003 132 1051 136 —

1524 219 1543 227 v

121 229 173 263 sic
212 227 414 270 frugalitas.
454 238 545 270 quac
576 227 693 260 virtus
728 228 792 266 est,
827 225 972 258 miseria
1005 223 1169 257 habetur.
1222 221 1273 255 Cf.
1315 221 1397 255 Sen.
1434 232 1488 264 ep.
1524 229 1554 254 1.
1582 221 1612 260 ἴ),
1641 220 1672 254 ὃ.

120 275 388 320 Frugalitatem
413 275 526 318 exigit
554 272 795 318 philosophia,
822 283 895 305 non
921 281 1093 314 poenam:
1123 273 1243 313 potest
1266 273 1387 303 autem
1414 279 1492 301 esse
1518 278 1591 300 non
1616 266 1669 299 in-

122 326 269 366 compta
301 321 503 367 frugalitas.
538 332 594 365 ep.
622 319 733 354 VIII.
760 322 791 354 ⁴2.
819 319 898 362 (71)
924 318 978 352 23.
1007 317 1210 350 Luxurioso
1238 315 1430 360 frugalitas
1459 325 1577 358 poena
1604 318 1669 348 est.

122 369 195 404 Sed
233 373 273 402 ut
311 370 495 413 imponam
528 368 637 402 finem
672 365 920 404 adnotationi,
966 365 1090 407 accipe
1133 363 1277 397 Erasmi
1312 362 1672 405 interpretationem:

123 415 254 460 „Hunc
279 428 424 451 versum
449 415 574 450 addidi
600 426 643 449 ex
670 412 801 448 Gellio.
852 412 943 446 Esse
961 411 1141 455 frugalem
1158 421 1282 443 rumor
1308 409 1455 453 quidem
1473 408 1588 443 bonus
1608 411 1671 447 est,

121 464 185 498 sed
222 463 350 497 infelix
388 467 425 497 et
457 474 586 507 parum
620 461 728 504 vulgo
766 459 942 499 laudatus,
979 459 1035 492 cui
1062 457 1226 502 profusio
1260 456 1376 500 magis
1412 456 1543 499 placet.
1594 453 1674 488 Nisi

119 511 234 545 mavis
259 511 443 545 miseriam
469 510 633 553 accipere
664 519 731 552 pro
757 507 910 551 penuria
936 506 1010 540 sive
1035 505 1169 548 inopia.
1213 503 1305 537 Nam
1332 508 1409 537 tum
1435 503 1504 536 erit
1531 513 1672 536 sensus:

121 558 192 603 Qui
218 558 388 592 laudatur
414 561 453 591 ut
485 556 648 601 frugalis,
682 555 712 589 is
737 566 810 588 non
835 553 1038 588 130(13’(οι’.ιι
1083 551 1188 586 Haec
1213 550 1407 585 Nisardus:
1448 549 1525 592 „La
1550 549 1672 593 fruga-

120 606 185 640 11ῖρ
212 608 266 639 est
291 617 360 639 une
385 605 561 649 pauvrete
587 602 632 637 de
659 602 733 637 bon
757 603 916 636 renom.“

217 653 272 687 31.
302 651 530 694 „Ridiculum
557 653 620 691 est,
648 649 745 693 quod
771 649 908 690 dicam;
937 647 1000 681 sed
1025 647 1173 681 videtur
1200 646 1238 679 in
1264 645 1334 679 hoc
1360 656 1392 679 v.
1420 643 1554 677 latere:
1589 642 1618 677 F
1621 654 1675 676 re-

122 711 187 734 nos
214 700 358 743 impone
383 699 538 741 linguae,
566 698 651 741 peni
678 696 829 740 saepius.
869 694 953 729 Scil.
981 706 1047 739 per
1064 694 1197 727 mirum
1224 691 1511 736 euphemismum
1537 691 1574 723 in
1599 701 1674 723 me-

122 747 203 781 diae
230 747 359 780 aetatis
385 745 569 779 latinitate
596 748 703 787 atque
730 743 939 777 etiamnunc
965 741 1061 785 apud
1088 740 1208 774 Italos
1236 738 1458 774 conscientia
1475 737 1676 771 membrum

123 794 284 839 genitale
311 792 522 837 significatss
564 791 733 826 Orellius,
760 789 861 824 Hinc
888 789 1084 823 Nisardus:
1115 787 1214 821 Mets
1241 799 1290 820 un
1316 786 1412 820 frein
1437 787 1457 818 a
1483 785 1518 818 la
1544 785 1678 829 langue

123 844 159 876 et
186 844 327 875 surtout
341 842 360 873 a
376 840 411 874 la
424 850 541 883 verge.
564 839 682 882 impo
694 849 771 871 nas
796 836 1039 870 lVoelfflinus.
1057 847 1071 869 s
1083 836 1242 879 apiens
1261 833 1390 877 scripsi
1405 844 1448 866 ex
1463 833 1554 866 coni.
1571 843 1676 864 con-

123 888 454 932 cupiscentiae
471 887 494 920 i.
514 897 543 920 e.
557 886 701 919 libidini
719 884 952 919 Woelfflinus
980 883 1026 918 cf.
1052 882 1161 927 Diog.
1189 881 1312 915 Laert.
1340 880 1368 913 Ι.
1399 879 1475 914 104.
1511 877 1676 923 γλώσσης,

123 935 285 980 γαστρὸς,
321 932 468 967 αἰδοίων
494 942 648 978 κρατεῖν,
675 930 920 966 Pseudo—Seu.
948 930 992 964 de
1006 941 1096 965 mor.
1118 930 1194 964 117.
1214 928 1384 972 BIeyerus
1404 926 1555 960 eandem
1572 925 1678 958 huius

123 993 249 1016 versus
292 982 510 1015 sententiam
544 991 621 1014 esse
658 983 764 1024 putat
809 982 916 1022 atque
953 977 1059 1012 Publ.
1103 976 1130 1010 C
1158 977 1200 1011 16
1239 976 1354 1020 (100).
1394 974 1418 1009 f.
1458 974 1480 1007 i.
1508 973 1530 1008 1.
1557 972 1679 1006 ventri

123 1029 265 1073 saepius
285 1028 519 1062 Buechlerus.
535 1027 560 1062 f.
578 1028 601 1062 i.
620 1027 643 1062 1.
663 1028 692 1060 si
710 1026 883 1071 periures,
903 1024 1147 1059 conscientiae
1166 1022 1400 1057 Ribbeckius.
1450 1020 1476 1054 C
1488 1032 1568 1054 ons
1580 1020 1647 1053 cia
1660 1031 1679 1053 e

125 1076 256 1120 scripsi
281 1087 325 1110 ex
343 1075 435 1110 coni.
461 1074 570 1110 Unde
595 1074 664 1108 hoc
690 1074 797 1108 docet
823 1073 1004 1107 sententia
1031 1072 1231 1115 sapientem
1249 1070 1412 1114 linguam
1430 1069 1480 1102 sic
1499 1069 1677 1106 coercere,

125 1126 165 1157 ut
191 1123 383 1157 commissa
408 1125 539 1157 taceat.
566 1121 621 1156 Cf.
650 1121 752 1156 Caec.
779 1120 883 1155 Balb.
910 1132 944 1164 p.
973 1120 1027 1154 28.
1054 1118 1152 1153 Mon.
1180 1116 1324 1152 XXVI.
1350 1117 1372 1151 4
1397 1115 1513 1159 (sSent.
1543 1116 1636 1158 lo'l).

220 1171 274 1205 32.
290 1169 458 1213 Meyerus
475 1169 571 1212 quod
584 1169 785 1212 proposuit,
802 1180 884 1201 cum
898 1167 985 1210 quid
1000 1167 1068 1200 sibi
1084 1165 1170 1199 velit
1189 1165 1382 1198 obscurum
1401 1163 1456 1203 sit,
1484 1162 1521 1195 id
1539 1173 1603 1195 nos
1622 1172 1678 1194 re-

125 1218 322 1262 posuimus,
351 1218 450 1251 00103
477 1217 695 1250 sententiam
713 1215 806 1249 hanc
826 1226 902 1248 esse
922 1214 1114 1254 voluimus,
1140 1211 1309 1256 perfacili
1326 1210 1475 1255 negotio
1494 1209 1679 1243 hominem

125 1265 256 1298 fortem
289 1268 325 1298 et
357 1267 583 1298 constantem
617 1263 660 1296 iis
694 1263 891 1306 imperare,
935 1262 997 1304 qui
1038 1261 1158 1294 animo
1201 1259 1417 1293 fluctuantes
1459 1268 1536 1291 rem
1571 1267 1680 1301 agere

126 1315 353 1346 cunctantur.

221 1359 275 1393 33.
303 1358 348 1392 Id
374 1357 469 1401 quod
496 1357 659 1401 superior
684 1356 885 1397 constituit,
911 1356 998 1389 licet
1033 1354 1165 1388 falsum
1200 1354 1255 1394 sit,
1292 1364 1333 1386 eo
1365 1353 1445 1396 ipso
1479 1362 1605 1385 verum
1638 1349 1679 1382 fit

127 1417 171 1440 ex
197 1406 392 1449 superioris
421 1405 646 1438 auctoritate.
699 1404 754 1438 of.
781 1403 885 1436 Publ.
912 1402 947 1435 V
973 1403 995 1437 8
1019 1403 1131 1446 (⁷636).

223 1452 256 1487 G
284 1454 313 1487 1.
333 1452 524 1491 „Praeiu
538 1451 706 1484 dicium
721 1451 856 1484 dicitur
869 1462 937 1489 res,
958 1461 1049 1493 quae
1064 1461 1146 1483 cum
1160 1452 1297 1482 statuta
1311 1446 1431 1486 fuerit,
1462 1444 1571 1479 affert
1589 1444 1679 1477 iudi-

127 1501 261 1535 caturis
279 1499 494 1542 exemplum,
521 1498 617 1542 quod
648 1501 858 1541 sequantur3
890 1497 1113 1531 iudicium
1140 1500 1262 1530 autem
1279 1506 1346 1534 res,
1366 1504 1457 1536 quae
1474 1503 1620 1526 causam
1638 1491 1680 1524 li-

129 1551 275 1590 temque
300 1546 555 1580 determinat*
605 1545 787 1579 Asconius
813 1545 850 1578 in
876 1544 949 1578 Cic.
976 1543 1097 1578 Divin.
1125 1544 1162 1576 in
1188 1542 1230 1586 Q.
1258 1542 1362 1576 Caec.
1389 1539 1457 1575 IV.
1496 1540 1548 1574 1⁴2.
1585 1538 1681 1582 „pri-

127 1607 226 1628 mum
244 1606 390 1628 causam
407 1593 544 1627 inimici
563 1594 617 1626 tui
635 1592 852 1632 sublevabis,
872 1592 917 1625 de
936 1602 1004 1634 quo
1023 1603 1096 1625 non
1122 1589 1462 1634 praeiudicium
1478 1585 1680 1631 (3,νοΓοοῖ-

129 1641 370 1685 301101(1οης“)
390 1640 453 1675 30(1
470 1640 578 1684 plane
606 1640 835 1673 iudicium
859 1639 932 1672 iam
957 1638 1093 1672 factum
1112 1641 1294 1682 putatur-“L
1329 1636 1383 1669 Cf.
1406 1634 1488 1669 Sen.
1508 1633 1680 1666 Controv.

127 1689 180 1725 II.
207 1690 240 1724 9.
267 1701 301 1732 p.
331 1688 407 1723 148.
435 1687 489 1721 ed.
517 1687 599 1731 Bip.
627 1686 710 1722 Sen.
738 1687 782 1720 de
807 1686 925 1720 benef.
952 1685 1020 1720 IV.
1047 1686 1150 1725 35‚2.
1201 1684 1322 1727 Quint.
1352 1682 1396 1717 V.
1428 1682 1505 1717 21.
1527 1680 1679 1714 lValter.

128 1737 233 1771 Rom.
264 1734 526 1779 Rechtsgesch.
564 1747 597 1778 p.
635 1734 713 1769 733.
764 1733 867 1767 Haec
900 1734 944 1767 de
977 1733 1210 1777 praeiudiciis
1245 1732 1391 1765 disserit
1426 1727 1681 1773 Quaritschius

128 1785 166 1817 in
192 1783 296 1824 libro,
323 1794 428 1825 quem
454 1782 641 1825 inscripsit
666 1780 788 1815 Instit.
815 1781 889 1814 und
907 1779 1169 1824 Rechtsgesch.
1197 1791 1231 1823 p.
1259 1780 1312 1813 63.
1335 1780 1366 1821 Q.
1385 1778 1442 1812 85.
1470 1774 1681 1817 „Praeiudi-

130 1831 238 1865 ciales
271 1830 432 1863 actiones
467 1841 492 1863 3.
520 1829 742 1873 praeiudicia
768 1828 955 1872 (wortlich
981 1826 1212 1871 Vorklagen]
1248 1822 1587 1868 sind'Klagreehte
1622 1821 1687 1854 auf

129 1877 406 1921 Anerkennung
433 1876 530 1910 eines
555 1876 781 1910 rechtlichen
806 1875 894 1909 oder
912 1874 1116 1908 faktischen
1134 1873 1408 1908 Verhaltnisses
1426 1881 1544 1917 gegen
1560 1869 1680 1913 jeden,

131 1925 197 1959 der
223 1924 321 1958 diese
348 1924 624 1967 Anerkennung
649 1923 874 1967 verweigert.
937 1921 1055 1955 Dabei
1092 1922 1262 1965 verlangt
1299 1920 1365 1954 der
1402 1919 1544 1962 Kl'ager
1581 1916 1684 1949 nicht

130 1971 418 2015 Verurtheilung
443 1971 508 2004 des
534 1970 698 2014 Gregners
725 1982 767 2002 zu
794 1970 894 2003 einer
911 1968 1099 2013 Leistung,
1130 1969 1288 2002 sondern
1304 1965 1482 2010 lediglich
1501 1964 1559 1997 die
1577 1963 1681 1997 Fest-

131 2019 289 2063 stellung
322 2018 385 2051 des
419 2017 622 2062 fraglichen
648 2016 933 2053 Verh'altnisses,
969 2015 1230 2050 insbesondere
1263 2026 1306 2048 zu
1339 2014 1422 2048 dem
1448 2011 1590 2052 Zweck,
1623 2022 1683 2043 um

130 2066 225 2099 nach
263 2065 513 2110 geschehener
549 2063 798 2107 Feststellung
838 2064 906 2096 mit
944 2063 1044 2097 einer
1081 2063 1242 2096 anderen
1279 2061 1443 2095 dadurch
1481 2059 1682 2102 bedingten

130 2112 254 2157 Klage
281 2113 359 2146 eine
378 2112 554 2156 Leistung
579 2110 882 2146 nachzufordern.
931 2109 1177 2153 Dergleiohen
1194 2107 1576 2153 Praejudicialklagen
1603 2104 1683 2137 sind

133 2159 359 2194 namentlich
385 2159 444 2193 die
480 2158 750 2203 Statusklagen,
786 2157 959 2191 wodurch
991 2157 1049 2191 die
1083 2157 1245 2191 Freiheit
1278 2157 1366 2189 oder
1392 2153 1588 2193 Sclaverei,
1625 2152 1683 2185 die

131 2206 346 2252 Ingenuitat
372 2206 460 2240 oder
485 2205 723 2239 Libertinit'at
757 2205 856 2239 einer
882 2204 1020 2239 Person
1054 2204 1142 2238 oder
1174 2203 1387 2237 bestrittene
1420 2201 1682 2236 Familienver-

132 2254 310 2288 h'altnisse
335 2252 603 2298 (Vaterschaft,
639 2252 838 2286 v'aterliche
873 2252 1016 2286 Gewalt
1046 2263 1080 2285 u,
1115 2251 1248 2295 dergl.)
1282 2249 1505 2295 festgestellt
1537 2246 1683 2281 werden

133 2301 260 2336 sollen.
310 2300 401 2335 Eine
428 2300 796 2344 Praejudicialklage,
824 2299 883 2333 bei
909 2299 974 2332 der
1000 2309 1037 2332 es
1064 2298 1141 2332 sich
1175 2298 1278 2331 nicht
1308 2309 1370 2330 um
1396 2293 1682 2330 Statusverh'alt—

134 2349 230 2382 nisse
255 2347 437 2388 handelte,
464 2359 540 2381 war
564 2359 592 2381 z.
619 2347 661 2382 B.
689 2347 747 2380 die
772 2346 862 2380 iiber
888 2346 958 2380 (len
983 2345 1120 2391 Betrag
1146 2345 1209 2379 des
1235 2344 1498 2387 Heirathsguts
1533 2343 1685 2386 (quanta

137 2395 200 2429 dos
229 2395 302 2438 sit),
338 2394 475 2428 welche
501 2394 566 2428 der
590 2393 712 2437 Klage
744 2393 809 2427 auf
830 2393 1031 2438 Riickgabe
1065 2393 1257 2426 desselben
1289 2392 1358 2432 (rei
1391 2390 1539 2424 uxoriae
1574 2388 1686 2431 actio)

135 2441 387 2485 vorausgehen
412 2442 581 2476 konnte“.
632 2440 752 2484 Quare
778 2441 847 2474 hoc
873 2440 980 2474 docet
999 2440 1187 2477 sententia,
1214 2440 1244 2472 si
1269 2434 1356 2483 quid
1372 2437 1596 2482 praeiudicio
1623 2435 1684 2468 de-

135 2494 274 2523 cretum
302 2490 359 2529 sit,
385 2489 423 2522 id
448 2489 567 2533 ipsum
593 2489 662 2521 nisi
680 2488 813 2521 iudicio
832 2488 933 2522 litem
959 2491 1062 2521 actor
1080 2490 1317 2527 contestetur,
1346 2487 1389 2526 ei,
1417 2496 1523 2528 quem
1542 2482 1683 2527 praeiu-

136 2536 270 2570 dicium
296 2535 454 2580 petebat,
481 2547 593 2581 grave
619 2547 708 2570 esse.
758 2535 793 2568 A
811 2546 881 2578 qua
899 2535 1202 2578 interpretatione
1219 2545 1293 2567 non
1311 2532 1480 2567 dissentit
1497 2531 1682 2567 Erasmus,

138 2595 219 2617 cum
238 2583 342 2617 dicit:
362 2582 451 2616 Post
470 2583 691 2626 praeiudicia
710 2586 910 2625 sequuntur
927 2581 1068 2621 iudicia,
1088 2582 1126 2615 in
1144 2581 1273 2625 quibus
1293 2580 1524 2614 excutiuntur
1542 2576 1684 2622 praeiu-

140 2630 245 2665 dicia.
295 2631 345 2664 At
372 2642 483 2674 grave
508 2634 564 2664 est
589 2629 680 2663 illud
696 2629 968 2673 praeiudicium,
997 2629 1094 2672 quod
1111 2640 1186 2662 non
1205 2629 1366 2671 sequitur
1385 2626 1483 2660 aliud
1502 2624 1684 2663 iudicium,

141 2678 204 2711 sed
229 2678 348 2721 ipsum
373 2677 498 2710 iudicii
523 2677 603 2710 loco
630 2681 695 2716 est,
723 2676 834 2710 veluti
861 2676 890 2709 si
915 2676 1085 2720 princeps
1112 2687 1200 2720 prae
1227 2687 1263 2709 se
1290 2675 1361 2709 fert
1390 2673 1576 2707 inimicum
1610 2670 1685 2703 ani-

141 2736 238 2757 mum
264 2724 302 2758 in
327 2725 543 2768 quempiam,
570 2724 691 2757 nullus
718 2727 773 2757 est
798 2723 915 2763 iudex,
944 2723 1004 2767 qui
1030 2733 1132 2756 secus
1158 2723 1254 2757 ausit
1287 2722 1458 2756 iudicare.
1509 2718 1601 2753 Sunt
1626 2717 1688 2760 qui
