1967 3090
879 124 1197 167 -164—

261 239 439 282 inciperet
463 249 598 279 versus,
632 249 652 272 a
678 238 806 281 quibus
834 251 866 272 v.
893 239 984 280 208..
1020 240 1097 274 eius
1131 240 1212 273 loeo
1239 238 1448 284 ponendum
1476 251 1553 274 esse
1579 240 1650 274 rati
1677 241 1826 275 omisis*

263 289 343 320 sent
378 286 481 319 illum
518 297 550 320 v.
583 285 673 325 208..
710 285 816 319 alteri
847 284 946 325 (P:R
990 298 1068 321 esse
1100 287 1211 321 debet
1245 286 1326 324 ΡΒ)
1357 289 1550 329 utrumque
1585 288 1817 331 recepissent.

261 333 337 367 Nec
362 333 482 366 minus
509 344 654 366 versum
681 332 836 367 exclusit
860 332 1016 367 Bothius
1043 335 1090 368 ad
1115 333 1222 369 Publ.
1250 346 1282 369 v.
1310 334 1388 368 967.
1432 333 1546 368 Nobis
1570 337 1721 377 uterque
1746 335 1817 369 Pu-

263 380 434 413 blilianus
467 380 622 414 videtur.
673 379 765 414 Tum
798 379 1023 415 Ribbeekius
1056 393 1137 415 cum
1169 392 1316 415 versum
1348 380 1452 414 libris
1488 392 1572 415 sane
1604 382 1817 416 melioribus

261 428 313 460 ita
337 426 541 461 exhibitum
568 426 738 462 vidisset:
783 427 889 469 „Heu
915 440 1022 471 quam
1049 428 1222 462 miserum
1249 430 1306 462 est
1339 427 1478 461 discere
1505 428 1652 469 servire,
1680 429 1741 462 ubi
1769 430 1816 463 sis

260 475 388 508 doctus
415 473 637 508 (101111110111ιι
666 474 727 517 qui
753 474 884 508 iustam
913 476 1131 509 sententiam
1157 476 1362 519 praeberet,
1389 475 1474 508 novi
1499 475 1645 518 generis
1671 487 1817 510 versum

261 522 297 555 in
324 521 378 555 his
406 520 557 554 Publilii
582 521 746 555 versibus
773 522 923 556 senariis
950 525 985 556 et
1011 523 1199 565 quadratis
1225 522 1410 557 exstitisse
1435 522 1605 557 coniecit:
1626 522 1721 557 hunc
1739 535 1818 558 esse

261 568 536 612 anapaesticum
563 569 821 612 septenarium,
859 570 919 613 qui
946 569 997 603 sie
1023 570 1096 613 legi
1124 569 1288 604 deberet:
1315 568 1401 603 Heu
1427 570 1535 612 quam
1560 570 1734 603 miserum
1761 573 1818 604 est

259 615 400 650 discere
434 616 581 657 servire⁷
614 615 676 649 ubi
703 618 751 650 sis
784 616 913 650 doctus
952 616 1152 652 dominari!
1193 616 1293 651 Nihil
1324 616 1438 650 movit
1463 615 1710 658 Woelfflinus‚
1745 618 1816 651 nisi

259 663 356 706 quod
382 674 526 697 versum
552 662 821 706 desperandum
847 663 989 697 uncinis
1015 664 1173 698 inclusit.
1224 663 1593 697 Nihilotamensecius
1621 664 1682 697 alii
1709 664 1817 699 aliter

258 721 403 744 versum
439 709 632 743 emendare
667 711 789 743 eonati
823 713 918 744 sunt.
968 710 1025 744 Ex
1058 711 1188 754 quibus
1215 710 1392 745 Gruterus
1418 721 1562 744 versum
1597 711 1815 754 quadratum

258 756 420 791 effictum
456 757 507 790 sic
533 757 697 801 scripsit:
739 757 823 790 Heu
850 769 958 800 quam
992 758 1167 792 miserum
1194 761 1250 792 est
1275 758 1414 792 discere
1440 758 1576 791 servire
1611 757 1672 791 ubi
1700 758 1813 793 domi-

258 804 338 837 nari
373 804 501 837 doetus
535 804 591 838 es!
631 815 738 847 quam
777 805 1068 839 emendationem
1106 806 1221 839 secuti
1257 808 1340 838 sunt
1373 805 1493 839 editor
1525 804 1744 848 Bipontinus
1779 808 1816 840 et

259 850 430 885 Orellius.
472 850 654 894 Equidem
691 863 773 884 cum
805 862 872 885 nec
906 863 1018 885 novos
1050 864 1220 887 numeros
1252 851 1537 886 introducendos
1570 863 1637 886 nec
1669 864 1813 886 versum

257 898 526 942 desperandum
553 909 631 932 esse
656 901 835 941 putarem,
870 899 1004 932 multas
1037 910 1123 933 sane
1150 912 1191 933 ac
1217 900 1378 934 diversas
1404 899 1481 932 vias
1508 899 1692 942 ingressus
1718 911 1814 934 nunc

255 956 400 979 versum
415 945 467 978 ita
481 945 579 979 exire
591 945 777 980 volebam:
797 945 845 980 H.
862 958 893 989 q.
911 958 957 980 m.
973 946 1006 979 d.
1023 958 1048 980 5.
1064 947 1126 980 ubi
1141 947 1188 980 sis
1204 947 1332 980 doctus
1350 946 1566 990 dominia3
1585 957 1675 989 quae
1694 950 1815 981 essent

257 993 434 1032 convivia,
470 991 591 1035 qualia
622 992 790 1026 dominus
817 993 980 1027 convivis
1007 994 1200 1036 praeberet
1235 993 1586 1036 („Herrenmahler‘⁴
1620 993 1666 1028 ef.
1694 993 1813 1027 Taub-

256 1051 377 1074 mann.
406 1039 452 1073 ad
478 1038 599 1072 Plaut.
626 1038 704 1073 Mil.
732 1039 782 1073 Π.
811 1041 842 1080 2,
871 1041 902 1074 9.
931 1041 984 1075 10.
1013 1040 1105 1074 Non.
1125 1040 1288 1076 Marcell.
1316 1040 1384 1075 IV.
1412 1052 1446 1084 p.
1466 1040 1545 1075 261.
1566 1041 1620 1074 ed.
1641 1039 1813 1076 Gerlach.

258 1089 294 1120 et
319 1085 429 1121 Roth.
465 1098 500 1130 p.
538 1086 614 1121 193.
643 1086 759 1122 Lucil.
795 1087 926 1131 fragm.
953 1086 1066 1122 XIII.
1093 1088 1124 1122 5.
1151 1099 1186 1131 Ρ.
1215 1088 1269 1123 37.
1297 1086 1352 1122 ed.
1380 1087 1550 1123 Gerlach.
1577 1087 1737 1123 GronOV.
1766 1088 1813 1122 ad

255 1133 351 1168 Gell.
385 1133 468 1168 NA.
505 1132 555 1166 Π.
583 1134 639 1174 24,
675 1134 706 1169 2.
742 1133 886 1168 Sehiitz.
935 1135 981 1168 ad
1013 1134 1086 1168 Cic.
1114 1134 1220 1169 Verr.
1252 1134 1326 1169 III.
1361 1135 1392 1169 4.
1427 1133 1516 1169 Sall.
1543 1133 1623 1178 Iug.
1667 1134 1722 1175 85,
1756 1135 1812 1170 39.

254 1180 333 1216 Liv.
369 1181 424 1221 23,
458 1180 490 1216 S.
519 1180 602 1215 Son.
637 1192 693 1224 ep.
725 1179 767 1215 V.
795 1182 825 1221 6,
853 1181 885 1216 2.
919 1180 1135 1217 Mommsen.
1162 1181 1268 1216 Rbm.
1297 1181 1428 1216 Gesch.
1448 1180 1498 1215 II.
1519 1193 1553 1225 p.
1573 1182 1672 1226 262.)
1698 1193 1812 1217 111111οῐ

254 1227 302 1262 H.
331 1240 363 1271 q.
389 1239 437 1260 m.
465 1239 494 1261 e.
520 1228 660 1261 discere
686 1228 884 1268 servitium,
912 1228 974 1261 ubi
1001 1229 1049 1261 sis
1076 1229 1204 1263 doetus
1231 1229 1466 1269 dominium‚“
1494 1231 1534 1262 ut
1551 1229 1718 1262 condicio
1737 1240 1810 1263 ser-

254 1275 336 1308 vilis
364 1274 659 1319 (Sclaventhum)
685 1275 891 1308 dominicae
917 1274 1204 1320 (Herrenthum)
1230 1278 1480 1320 opponeretur
1505 1276 1566 1320 (cf.
1593 1275 1671 1310 Tib.
1698 1275 1749 1311 II.
1779 1277 1809 1318 1,

254 1323 311 1356 41.
338 1322 394 1357 42.
422 1323 454 1361 4,
485 1322 514 1356 1.
542 1321 616 1355 8011
640 1322 685 1356 (10
702 1322 766 1355 vit.
794 1322 888 1356 beat.
915 1321 984 1357 IV.
1011 1323 1062 1366 4.)
1089 1334 1200 1357 nunc:
1229 1323 1277 1356 H.
1305 1334 1338 1366 q.
1365 1334 1412 1356 m.
1439 1334 1468 1357 e.
1496 1322 1637 1357 discere
1663 1323 1808 1365 servire,

253 1369 316 1403 ubi
351 1369 397 1402 sis
438 1369 619 1402 dominari
658 1372 760 1402 catus
802 1369 862 1414 (cf.
895 1369 941 1403 ad
973 1369 1064 1403 Pub.
1099 1369 1134 1403 A
1170 1370 1261 1414 33.);
1305 1370 1369 1404 sed
1402 1369 1576 1413 quicquid
1609 1369 1808 1411 tentabam,

254 1416 392 1450 frustra
426 1427 503 1450 esse
534 1415 805 1461 intellegebam.
858 1415 949 1450 Sero
991 1417 1244 1457 animadverti,
1278 1417 1376 1461 quod
1409 1417 1534 1450 statim
1566 1417 1810 1460 suspicionem

251 1475 397 1497 movere
430 1466 655 1507 oportuerat,
684 1463 819 1497 codicis
846 1462 1089 1509 Frisingensis
1116 1465 1336 1508 scripturam
1361 1464 1438 1497 ubi
1464 1476 1550 1498 non
1577 1475 1598 1497 a
1616 1464 1809 1499 Vincentio

250 1510 505 1544 Bellovaeensi
523 1510 704 1554 particula
720 1511 807 1544 nisi
832 1511 1053 1554 explicatam
1079 1511 1124 1544 ab
1143 1512 1298 1544 aliorum
1315 1511 1493 1544 librorum
1520 1512 1700 1555 scriptura
1718 1511 1809 1546 adeo

251 1558 458 1598 abhorrere⁷
497 1560 538 1591 ut
563 1557 654 1591 haee
680 1557 834 1602 vestigia
868 1558 970 1601 sequi
997 1569 1129 1602 operae
1155 1559 1312 1602 pretium
1337 1558 1594 1593 existimarem.
1642 1558 1806 1592 Primum

251 1605 347 1639 enim
371 1605 507 1638 doctu
518 1617 543 1644 s⁷
572 1616 652 1638 cum
672 1608 766 1638 esset
785 1605 1015 1645 adieetivum⁷
1042 1606 1138 1639 male
1162 1617 1228 1649 pro
1255 1606 1366 1639 verbo
1393 1608 1582 1649 acceptum
1608 1617 1685 1639 esse
1710 1606 1817 1640 vide-¹

249 1652 368 1686 batur.
421 1652 501 1695 Quo
528 1651 627 1685 facto
654 1663 759 1686 nemo
785 1652 947 1693 miretur,
974 1655 1014 1686 ut
1040 1655 1135 1686 esset
1161 1653 1257 1696 quod
1282 1653 1394 1686 verbo
1421 1653 1624 1687 docendi
1650 1664 1810 1696 oppone-

249 1703 359 1740 retur,
380 1699 427 1732 ad
444 1711 476 1733 v.
498 1700 676 1733 servire
694 1699 796 1732 velut
812 1699 1181 1743 interpretamentum
1199 1700 1364 1733 additum
1383 1711 1460 1733 0550
1475 1699 1662 1735 discere.
1690 1700 1808 1744 Quam

250 1746 495 1790 suspicionem
522 1746 719 1779 adiuvabat
745 1746 824 1781 cod.
846 1746 884 1788 C,
913 1758 933 1779 a
959 1758 1029 1789 quo
1055 1747 1232 1781 discere
1252 1747 1407 1782 abesset.
1451 1746 1498 1780 Cf
1522 1746 1570 1781 H.
1598 1746 1743 1782 Schfitz.
1770 1748 1808 1781 in

248 1797 318 1827 act.
352 1793 468 1826 diurn.
497 1804 586 1836 quae
620 1793 870 1827 inscribuntur
895 1793 1108 1827 Zeitschrift
1142 1794 1165 1829 f.
1193 1794 1227 1828 d.
1255 1794 1591 1837 Grymnasialwesen
1617 1793 1685 1827 XI.
1713 1794 1744 1829 8.
1771 1806 1806 1838 p.

250 1841 328 1875 619.
355 1840 493 1875 Adnot.
521 1840 567 1873 ad
591 1839 697 1875 Publ.
724 1840 762 1874 H
789 1841 808 1874 5
835 1841 948 1884 (207).
990 1840 1180 1875 Postremo
1205 1841 1298 1874 illud
1325 1842 1362 1874 in
1386 1844 1546 1874 mentem
1564 1841 1664 1875 venit
1689 1852 1804 1885 posse,

249 1890 290 1921 ut
315 1888 353 1920 in
380 1887 469 1931 ipsis
497 1888 668 1920 extremis
704 1899 872 1921 versuum
907 1887 1197 1921 Publilianorum
1231 1888 1352 1921 verbis
1385 1900 1459 1922 non
1493 1889 1605 1922 semel
1639 1887 1806 1922 observa·

253 1946 377 1969 veram
402 1935 563 1967 maxima
597 1935 888 1978 corruptelarum
922 1935 1012 1968 vitia
1046 1935 1222 1969 insedisse
1255 1935 1344 1979 (vid.
1378 1935 1491 1979 praef.
1526 1947 1560 1979 p.
1589 1935 1663 1979 20.)
1695 1936 1748 1969 ita
1772 1948 1803 1969 v.

248 1982 479 2015 dominari
505 1985 717 2025 corruptum
743 1993 830 2016 esse.
869 1981 923 2016 Cf.
951 1981 1056 2017 Publ.
1075 1981 1105 2015 F
1123 1983 1272 2027 6071).
1311 1981 1331 2016 I
1358 1983 1400 2017 13
1420 1983 1532 2026 (241).
1559 1982 1599 2016 Μ
1626 1983 1667 2017 13
1696 1983 1804 2022 (321).

246 2028 287 2062 Μ
316 2030 357 2063 17
384 2029 499 2072 (325).
546 2028 587 2062 Μ
613 2029 657 2063 29
684 2029 797 2073 (337).
840 2028 879 2062 Μ
905 2030 949 2063 52
976 2030 1093 2109 (Ρ366)
1133 2029 1162 2063 N
1196 2029 1239 2063 14
1264 2029 1376 2069 (390)
1420 2029 1453 2063 N
1482 2030 1523 2064 16
1549 2030 1664 2073 (392),
1699 2028 1733 2063 N
1760 2031 1804 2064 25

246 2076 358 2120 (401).
410 2075 443 2109 N
469 2076 512 2111 36
540 2075 652 2120 (412).
693 2075 722 2109 O
752 2077 793 2110 13
822 2076 935 2120 (448).
976 2076 1077 2110 Ρ19
1103 2076 1216 2121 (466).
1257 2070 1290 2119 Q
1324 2070 1368 2111 29
1395 2077 1509 2121 (529).
1561 2075 1594 2119 Q,
1620 2077 1664 2111 32
1690 2077 1802 2121 (532).

248 2122 281 2166 Q
306 2124 349 2157 36
376 2123 490 2165 (536).
530 2121 624 2165 Q47
642 2123 757 2167 (547).
778 2122 812 2155 V
831 2123 852 2156 4
871 2124 984 2167 (632).
1025 2123 1124 2157 Hinc
1150 2135 1217 2167 pro
1236 2123 1463 2157 dominari
1488 2124 1646 2157 scribere
1664 2123 1802 2157 domi-

246 2170 405 2203 narier
429 2181 586 2213 pronum
604 2170 673 2203 fuit
700 2170 744 2205 cf.
764 2169 871 2203 Publ.
897 2170 932 2203 D
951 2171 970 2204 5
998 2171 1111 2215 (127).
1154 2170 1324 2204 Doctus
1344 2173 1465 2204 autem
1490 2171 1510 2203 i.
1541 2182 1569 2206 e.
1588 2170 1727 2214 peritus
1746 2170 1803 2204 vel

246 2228 380 2260 gnarus
416 2229 497 2250 cum
530 2216 709 2250 infinitivo
736 2217 969 2261 coniungitur
1002 2217 1066 2262 (cf.
1094 2217 1178 2252 Sen.
1197 2229 1253 2261 ep.
1272 2216 1356 2251 XV.
1384 2218 1416 2253 2.
1445 2217 1525 2262 (94)
1551 2219 1605 2253 32.
1632 2229 1718 2251 nam
1743 2217 1803 2251 hic

245 2275 388 2307 quoque
414 2264 581 2297 doctus
608 2264 755 2307 quidem
782 2268 837 2298 est
864 2265 994 2305 facere,
1024 2276 1114 2308 quae
1141 2265 1260 2306 debet,
1301 2264 1363 2298 sed
1388 2265 1478 2298 haec
1503 2276 1577 2298 non
1605 2265 1692 2298 satis
1718 2275 1802 2308 per-

249 2311 373 2354 spicit)
407 2314 446 2344 ut
479 2310 695 2344 indoctus
731 2312 752 2346 i.
787 2322 817 2346 e.
853 2311 1042 2355 imperitus
1077 2312 1135 2345 vel
1161 2312 1261 2345 rudis
1289 2312 1331 2346 ef.
1358 2311 1450 2347 Hor.
1478 2311 1597 2347 Carm.
1632 2311 1683 2345 II.
1711 2313 1742 2346 6.
1770 2312 1801 2345 2.

244 2357 469 2391 Cantabrum
494 2358 682 2391 indoctum
701 2359 787 2400 iuga
812 2358 934 2401 ferre).
969 2358 1055 2392 Ubi
1082 2358 1263 2402 particula
1290 2370 1371 2392 cum
1389 2359 1589 2392 indicativo
1608 2358 1802 2393 coniuncta

244 2404 381 2457 aliquid
408 2408 508 2438 certo
535 2404 691 2447 quodam
717 2386 882 2449 tempore
908 2417 994 2445 esse,
1023 2417 1105 2439 eum
1131 2406 1363 2439 coniunctivo
1390 2406 1583 2440 coniuncta
1608 2406 1801 2449 quicquam

244 2452 415 2495 quopiam
449 2456 614 2505 tempffle
648 2452 727 2485 fieri
761 2464 867 2496 posse
902 2452 1104 2498 signifieat:
1140 2453 1230 2486 illud
1255 2464 1320 2485 nos
1347 2453 1501 2486 dicimus
1539 2465 1603 2495 „zu
1629 2453 1694 2487 (101
1718 2452 1801 2486 Zeit

243 2510 317 2541 wo;
311 2502 339 2518 “
369 2499 456 2533 hoc:
484 2499 558 2539 ,,1111
583 2498 664 2532 Fall
691 2499 794 2534 dass:
787 2504 817 2519 ‘⁵
845 2500 882 2533 id
909 2500 1005 2543 quod
1031 2500 1068 2533 in
1094 2496 1190 2533 hunc
1216 2500 1337 2533 locum
1363 2500 1473 2535 cadit.
1524 2499 1624 2543 Quae
1649 2511 1731 2534 cum
1748 2499 1800 2533 ita

245 2546 327 2586 sint,
354 2546 443 2579 haec
471 2546 653 2580 sententia
677 2546 780 2580 illum
806 2547 990 2587 miserum,
1026 2558 1104 2581 esse
1130 2546 1246 2588 docet,
1282 2546 1352 2589 qui,
1389 2558 1470 2580 cum
1503 2549 1578 2580 tam
1613 2545 1798 2580 imbecillo

244 2593 390 2637 ingenio
418 2593 475 2633 sit,
503 2596 544 2626 ut
570 2593 748 2626 dominari
774 2594 922 2634 nesciat⁷
951 2594 1098 2627 servilia
1123 2604 1277 2627 munera
1302 2593 1403 2627 obire
1431 2596 1592 2638 cogatur.
1619 2593 1673 2628 Cf.
1691 2592 1798 2628 Publ.

245 2638 278 2683 Q
303 2640 349 2673 44
374 2640 485 2683 (544).
519 2640 555 2674 R
590 2641 610 2674 5
638 2640 750 2685 (574).
795 2640 915 2675 Plaut.
951 2640 1046 2675 Rud.
1081 2639 1111 2676 1.
1146 2641 1178 2680 3,
1207 2640 1357 2675 34—-37,
1394 2641 1449 2676 62.
1478 2642 1533 2675 63.
1561 2640 1673 2675 Stich.
1707 2639 1736 2675 I.
1765 2641 1796 2681 2,

242 2687 331 2721 65-
337 2687 391 2721 66.
420 2687 569 2722 75—77.
597 2681 679 2721 8011.
707 2687 752 2720 (10
777 2687 819 2721 ir.
846 2687 898 2723 II.
930 2688 982 2728 15,
1010 2688 1042 2722 4.
1070 2687 1203 2721 deinde
1230 2699 1353 2721 omnes
1380 2687 1472 2721 istae
1498 2687 1643 2722 feritate
1661 2687 1799 2721 liberae

240 2736 367 2776 gentes
395 2733 542 2767 leonum
569 2734 809 2777 luporumque
835 2735 908 2768 ritu
934 2737 975 2768 ut
1001 2734 1138 2768 servire
1163 2745 1237 2768 non
1262 2738 1425 2778 possunt,
1452 2735 1504 2768 ita
1522 2746 1588 2769 nec
1606 2735 1803 2778 imperare-
