1967 3090
749 173 1068 213 —111—

133 286 235 331 (307)
261 285 492 319 tentabatur:
520 285 562 320 L.
589 286 612 321 l.
639 285 734 330 ignis
760 285 851 319 nihil
871 289 911 319 ut
928 297 961 318 u.
980 290 1031 328 p.'·‘
1056 305 1100 309 —
1126 284 1276 326 „Mulier
1293 285 1398 318 nimis
1418 288 1473 319 est
1490 284 1685 319 vehemens

133 334 171 367 in
196 336 388 375 utramque
414 338 565 376 partem,
594 333 727 366 animal
753 333 941 366 affectibus
968 332 1174 365 obnoxium.
1226 330 1451 375 Quamquam
1477 332 1685 367 huiusmodi

132 380 228 414 viros
256 379 364 414 etiam
390 391 462 414 non
490 391 622 423 paucos
649 380 809 423 reperias
835 379 941 412 nimis
968 378 1221 412 vehementes-⁴
1252 378 1432 414 Erasmus.

227 427 257 460 7.
286 426 387 460 Haec
425 430 572 469 vulgata
610 437 733 460 versus
772 426 904 460 forma:
957 425 1038 467 „Ad
1083 425 1227 459 tristem
1266 432 1407 469 partein
1447 430 1592 460 strenua
1631 429 1685 460 est

132 474 310 518 suspicio·‘
329 485 435 516 quani
454 473 624 507 Erasmus
637 473 832 516 dupliciter
849 473 1112 516 interpretatus
1130 475 1195 511 est,
1223 478 1283 505 aut
1302 473 1361 506 ita.
1377 478 1415 506 ut
1431 484 1449 506 a
1461 473 1484 506 d
1497 474 1686 507 tristem

130 524 307 565 partem
334 520 430 554 idem
443 520 564 554 valere
579 523 725 564 putaret
738 523 845 563 atque
866 520 911 553 in
932 519 1068 553 tristi
1082 522 1216 563 parte
1231 519 1252 553 i.
1272 530 1301 553 e.
1317 520 1353 552 in
1367 519 1513 553 homine
1527 520 1684 555 infelici:

132 566 219 611 „Qui
246 578 373 612 parum
406 571 489 600 sunt
522 566 657 607 felices,
690 567 806 610 magis
839 566 1006 601 laborant
1037 566 1266 610 suspicione“,
1300 572 1362 599 aut
1393 567 1454 601 ita.
1487 573 1526 600 ut
1559 568 1685 602 eadem

131 615 253 655 verba.
289 618 329 648 ut
361 613 589 658 Zwingerus,
625 614 661 647 in
693 614 913 649 deteriorem
945 616 1087 658 partem
1122 614 1440 657 interpretaretur:
1499 614 1683 658 ⁷Suspicio

132 662 343 706 plerumque
381 662 501 706 vergit
537 661 575 694 in
611 665 753 704 partem
788 661 1031 696 deteriorem&
1091 659 1294 704 Utrumque
1327 660 1430 700 falso.
1470 665 1510 694 ut
1542 662 1682 705 opinor.

130 708 224 743 Nam
249 712 290 742 ut
314 712 454 742 taceam
480 708 517 741 in
543 708 642 741 tristi
668 712 773 752 parte
800 719 879 742 esse
896 720 969 742 non
987 718 1094 752 posse
1111 708 1149 741 in
1166 707 1266 740 tristi
1284 707 1440 748 homine,
1462 716 1683 742 strenuus

131 766 213 789 cum
238 755 294 795 sit,
322 758 360 789 ut
384 754 576 789 Ernestius
602 755 648 789 ad
673 754 758 791 Tac.
785 755 883 789 Hist.
909 754 940 790 I.
967 755 1025 789 52.
1051 754 1220 799 explicat,
1251 758 1442 798 promptus
1469 755 1514 788 ad
1541 755 1684 799 quidvis

132 801 347 836 audendum.
375 813 457 836 cum
482 802 751 846 praepositione
778 803 839 843 in,
876 813 946 846 qua
978 802 1015 835 id
1047 813 1116 845 quo
1143 806 1283 846 spectat
1309 802 1368 835 vel
1393 802 1523 835 tendat
1550 801 1686 847 signifi-

133 853 243 890 cetur,
271 849 552 883 construendum
578 853 666 889 erat,
702 850 753 883 ita
786 853 825 883 ut
858 851 969 893 poeta
1002 861 1074 883 non
1104 849 1150 882 ad
1183 849 1336 890 tristem,
1373 849 1439 883 sed
1472 849 1510 882 in
1543 850 1687 883 tristem

133 900 275 940 partem
301 896 422 930 dicere
449 896 599 930 deberet
625 896 670 930 cf.
697 896 777 932 Ter.
804 897 896 931 Eun.
915 896 983 931 IV.
1010 897 1041 936 2,
1069 897 1100 931 4.
1130 895 1174 930 V.
1202 896 1232 936 2.
1262 896 1316 930 37.
1369 895 1451 931 Sen.
1471 895 1582 930 Herc.
1599 896 1684 930 Fur.

133 944 210 978 315.
239 943 304 978 Ov.
331 942 429 977 Fast.
456 943 524 978 IV.
553 944 631 978 312.
659 943 782 986 Quint.
810 944 960 978 declam.
995 943 1064 978 XI.
1096 945 1126 978 3.
1154 943 1239 977 Sen.
1267 942 1312 977 ad
1339 943 1452 977 Marc.
1480 944 1524 977 de
1550 944 1685 978 consol.

131 989 204 1025 ΙΙΙ.
233 991 264 1025 3.
291 990 336 1025 V.
362 991 394 1025 4.
420 990 540 1025 Rarus
571 991 607 1024 in
633 991 688 1024 his
720 1002 803 1024 usus
838 994 893 1024 est
924 991 1206 1034 praepositionis
1233 990 1303 1030 ad,
1340 1001 1410 1033 qua
1443 990 1588 1033 quidem
1614 1002 1687 1024 non

131 1042 206 1071 tam
238 1048 307 1080 quo
341 1038 427 1080 quid
460 1042 587 1082 vergat
619 1037 677 1071 vel
711 1041 852 1082 spectet
883 1038 921 1082 (i.
955 1049 983 1072 e.
1014 1037 1217 1082 Richtung')
1241 1048 1349 1080 quam
1379 1038 1466 1081 quid
1495 1045 1688 1082 expetatur

131 1084 190 1118 vel
216 1087 383 1118 teneatur
409 1085 448 1126 (i.
476 1096 504 1118 e.
532 1085 626 1130 Ziel)
662 1085 890 1129 significatur
923 1085 964 1119 cf.
1002 1084 1082 1120 Ter.
1117 1085 1188 1119 Ad.
1214 1084 1282 1120 IV.
1319 1085 1349 1119 3.
1386 1086 1437 1119 15.
1472 1084 1554 1118 Liv.
1581 1084 1686 1120 XXI.

134 1131 186 1166 54.
239 1130 321 1166 Sen.
357 1132 402 1165 de
426 1131 544 1167 benef.
571 1131 645 1166 ΙΙΙ.
680 1133 733 1172 38,
762 1133 793 1167 2.
821 1131 932 1176 Prop.
967 1131 1018 1167 ΙΙ.
1047 1132 1100 1171 10,
1128 1133 1183 1166 42.
1237 1131 1332 1165 Vide
1365 1131 1476 1166 Held.
1513 1132 1558 1165 ad
1584 1131 1686 1166 Caes.

84 1179 86 1182 '
132 1177 203 1214 BC.
230 1177 260 1212 Ι.
286 1179 341 1213 29.
367 1178 544 1214 Benecke.
572 1179 618 1213 ad
644 1179 773 1214 Iustin.
800 1179 831 1213 I.
861 1182 889 1220 1,
921 1181 952 1214 5.
1001 1178 1110 1221 „Mihi
1136 1189 1285 1222 quoque,
1317 1179 1433 1222 inquit
1451 1179 1685 1219 Ribbeckius,

133 1229 319 1269 suspectus
345 1231 497 1270 propter
515 1227 692 1260 sermonis
711 1226 919 1261 infantiam:
947 1227 1140 1270 scripsitne
1159 1230 1284 1260 auctor
1301 1226 1470 1260 versiculi
1488 1228 1688 1270 patrem?

133 1279 169 1307 et
194 1273 354 1306 numeris
382 1279 415 1306 et
445 1274 645 1307 sententiae
671 1273 850 1307 satisfacit
867 1274 1001 1307 tristi
1020 1273 1227 1317 parenti:
1255 1273 1300 1308 cf.
1320 1274 1370 1308 8st
1408 1272 1547 1307 Versus
1567 1277 1688 1307 autem

134 1330 175 1354 eo
202 1323 395 1363 corruptus
413 1320 567 1360 videtur.
597 1320 693 1363 quod
711 1320 819 1354 verba
838 1332 882 1354 ex
899 1321 1137 1364 grammatica
1157 1321 1390 1354 construendi
1407 1321 1547 1354 ratione
1565 1321 1687 1365 legen-

132 1367 224 1400 tium
257 1378 363 1400 causa
396 1367 661 1400 ordinabantur
686 1368 730 1401 cf.
746 1367 858 1411 praef.
875 1379 909 1411 p.
928 1369 980 1403 14.
1009 1367 1088 1411 Quo
1103 1367 1241 1401 factum
1255 1373 1319 1408 est,
1351 1372 1390 1400 ut
1409 1373 1446 1401 et
1463 1368 1687 1411 praepositio

134 1414 179 1447 in
206 1419 241 1448 et
264 1419 331 1447 est
363 1414 664 1448 oblitterarentur
695 1419 729 1448 et
750 1426 816 1458 pro
840 1415 1059 1448 attritam
1079 1414 1137 1448 vel
1161 1415 1389 1448 adtritam
1408 1414 1689 1448 substitueretur

133 1460 185 1494 ad
211 1461 412 1495 tristem.
446 1461 511 1494 Est
532 1462 699 1494 attrita
726 1473 834 1505 pars
856 1462 1056 1502 imminuta,
1075 1461 1203 1501 fracta,
1223 1461 1415 1495 debilitata
1431 1461 1494 1505 (cf.
1509 1461 1605 1496 Flor.
1621 1461 1651 1495 Ι.
1667 1462 1688 1495 4

139 1506 230 1552 (ΙΙΙ.
258 1508 295 1551 5)
323 1507 446 1550 Quint.
473 1508 519 1543 X.
548 1510 577 1548 1.
606 1509 660 1543 27.
679 1508 788 1544 Auct.
816 1509 901 1542 dial.
928 1509 973 1542 de
991 1521 1041 1544 or.
1068 1509 1107 1553 8)
1135 1509 1312 1552 docetque
1331 1509 1513 1542 sententia
1529 1509 1689 1542 animum

138 1555 363 1598 suspicacem
390 1566 532 1598 semper
557 1556 685 1595 vereri,
719 1568 764 1590 ne
799 1567 840 1589 ea
872 1556 926 1589 sui
958 1568 1041 1600 pars
1075 1555 1120 1589 ab
1147 1555 1226 1589 aliis
1260 1560 1408 1600 petatur
1437 1567 1478 1590 ac
1503 1560 1687 1601 tangatur,

136 1613 242 1644 quam
267 1601 433 1645 inprimis
461 1602 620 1636 debilem
646 1614 722 1636 esse
747 1615 820 1636 non
846 1603 1001 1647 ignoret.

229 1648 260 1683 8.
287 1647 483 1682 Omisimus
509 1650 546 1683 in
571 1649 686 1683 altero
712 1650 876 1683 membro
903 1650 1145 1684 condicionali
1171 1650 1463 1684 coniunctionem
1489 1651 1526 1684 si
1544 1650 1601 1684 vel
1620 1651 1688 1684 sin

135 1694 181 1730 cf.
208 1694 347 1739 Meyer.
373 1707 408 1739 p.
436 1696 467 1731 9.
493 1697 654 1730 Aliter
686 1698 783 1730 enim
808 1697 906 1730 idem
930 1698 1029 1730 valet
1055 1701 1163 1740 atque
1189 1697 1323 1740 alioqui
1348 1697 1370 1730 i.
1398 1708 1427 1732 e.
1455 1697 1688 1739 andernfalls,

135 1746 236 1776 sonst
280 1742 326 1778 cf.
362 1742 434 1777 Cic.
469 1743 536 1778 Off.
570 1743 600 1778 I.
635 1743 690 1779 39.
717 1743 769 1778 II.
805 1746 856 1778 12.
889 1744 991 1778 Lael.
1026 1744 1081 1786 20,
1116 1745 1171 1780 74.
1206 1743 1295 1778 Sall.
1331 1743 1409 1779 Cat.
1443 1745 1498 1785 29,
1534 1746 1564 1779 .“3.
1592 1744 1689 1778 Vide

134 1789 257 1824 Hand.
285 1789 440 1824 Tursell.
468 1790 498 1825 l.
524 1803 558 1834 p.
593 1791 671 1826 273.
705 1792 784 1826 274.
816 1790 1118 1825 Coniunctionein
1150 1794 1271 1825 autem
1305 1791 1342 1824 in
1375 1791 1490 1825 altero
1524 1791 1688 1825 membro

135 1837 254 1870 omitti
280 1848 385 1880 posse
410 1837 542 1880 probat
570 1837 681 1882 Verg.
708 1839 800 1873 Aen.
827 1837 896 1872 VI.
927 1839 1001 1874 147.
1031 1839 1127 1874 1401:
1163 1839 1193 1872 si
1224 1843 1260 1872 te
1293 1838 1370 1871 fata
1397 1844 1546 1882 vocant3
1581 1839 1690 1873 aliter

133 1894 207 1917 non
232 1883 369 1917 viribus
394 1885 478 1918 ullis
506 1884 665 1919 Vincere
696 1897 761 1919 nec
795 1886 886 1919 duro
912 1886 1049 1929 poteris
1081 1886 1287 1920 convellere
1318 1885 1427 1921 ferro.
1455 1907 1498 1910 —
1527 1886 1688 1928 „Bonum

135 1934 326 1974 parentem
352 1943 442 1972 ama,
471 1931 660 1966 difficilem
685 1933 812 1973 tolera,
839 1933 897 1967 vel
923 1933 968 1966 ob
994 1933 1072 1974 hoc,
1105 1934 1189 1977 quia
1214 1938 1320 1977 pater
1345 1938 1410 1967 est.
1436 1944 1569 1976 aequus
1596 1933 1689 1967 dixit

136 1988 204 2021 pro
230 1978 420 2012 commodo
447 1983 484 2012 et
508 1979 687 2013 huniano“
716 1979 900 2014 Erasmus.
950 1979 1007 2014 De
1033 1981 1214 2014 sententia
1240 1980 1283 2015 cf.
1310 1979 1430 2015 Plaut.
1458 1979 1572 2015 Stich.
1598 1979 1628 2014 I.
1656 1982 1687 2021 2,

137 2025 192 2059 24.
220 2024 275 2060 39.
302 2024 384 2060 Ter.
411 2025 547 2061 Heaut.
574 2026 604 2061 I.
633 2027 664 2068 2,
692 2027 746 2061 27.
775 2026 857 2061 Seu.
884 2027 928 2061 de
954 2027 1072 2063 benef.
1098 2027 1172 2061 ΙΙΙ.
1189 2028 1254 2067 38,
1281 2028 1314 2062 2.

231 2072 261 2106 9.
291 2071 450 2106 Versum
484 2073 657 2107 Erasmus
692 2074 743 2107 sic
776 2075 1055 2118 interpretatur:
1124 2074 1254 2117 „Serva
1292 2074 1388 2118 quod
1424 2075 1520 2109 nolis
1556 2075 1688 2119 perire.

136 2117 271 2152 Oculus
297 2122 419 2153 autem
452 2119 520 2154 hoc
539 2124 593 2154 est
612 2122 819 2164 praesentia
836 2121 974 2155 domini
992 2122 1150 2165 optimus
1169 2123 1222 2156 rei
1241 2126 1389 2156 custos-2
1439 2121 1564 2165 Neque
1582 2122 1690 2156 aliter

135 2165 381 2206 Woelfflinus,
409 2167 470 2210 qui
496 2167 684 2211 adspicere
711 2180 792 2202 cum
817 2169 1000 2203 custodire
1019 2169 1132 2202 oculis
1150 2170 1424 2213 interpretetur,
1452 2176 1551 2203 recte
1576 2170 1688 2203 inter-

136 2215 301 2256 pretatus
327 2213 483 2249 videtur.
533 2214 659 2248 Monet.
684 2215 798 2260 igitur
823 2217 943 2259 poeta,
979 2216 1009 2249 si
1035 2216 1122 2260 quid
1148 2217 1307 2250 verearis
1332 2228 1378 2250 ne
1404 2223 1540 2260 pereat,
1576 2217 1621 2250 ab
1647 2228 1690 2251 eo

136 2260 271 2293 tuendo
298 2271 343 2294 ne
369 2272 525 2304 unquam
551 2262 672 2296 oculos
699 2263 844 2297 deicias.
896 2262 1075 2297 Gruterus
1101 2264 1247 2307 quidem
1273 2264 1493 2297 sententiam
1518 2275 1562 2297 ex
1580 2263 1690 2298 Sene-

138 2317 201 2340 cae
228 2306 331 2340 libris
363 2312 527 2349 sumtam,
562 2309 625 2342 sed
649 2309 769 2343 locum
796 2321 865 2353 quo
891 2310 1076 2355 legeretur
1100 2311 1279 2345 excidisse
1312 2310 1411 2351 dicit,
1439 2311 1691 2345 adumbratam

126 2356 264 2387 ‘tamen
292 2353 393 2387 illam
420 2354 464 2388 de
489 2355 608 2389 benef.
633 2355 707 2391 ΙΙΙ.
735 2357 766 2396 2,
795 2360 827 2391 53.
877 2356 1003 2400 Neque
1037 2369 1103 2402 ego
1133 2358 1271 2402 reperi:
1307 2357 1353 2391 ad
1378 2358 1536 2401 aliquam
1562 2358 1689 2391 simili-

138 2400 304 2434 tudinem
336 2402 478 2435 accedit
512 2401 596 2436 Sen.
630 2415 685 2447 ep.
717 2403 821 2437 XVI.
857 2404 877 2438 3
903 2404 981 2449 (96)
1007 2405 1044 2440 6:
1093 2404 1138 2438 In
1170 2416 1284 2448 aequo
1317 2408 1373 2438 est
1406 2409 1525 2438 autem
1555 2405 1689 2451 [dolor]

138 2447 290 2481 amissae
324 2448 376 2482 rei
408 2452 443 2482 et
476 2450 587 2483 timor
612 2451 846 2486 amittendae.
878 2462 945 2485 nec
978 2452 1061 2485 ideo
1095 2452 1282 2496 praecipio
1307 2452 1376 2486 tibi
1401 2453 1688 2497 neglegentiam:

137 2498 181 2527 tu
217 2505 304 2528 vero
342 2496 537 2530 metuenda
569 2497 724 2533 declina.
761 2498 932 2542 quicquid
970 2499 1120 2533 consilio
1157 2500 1320 2544 prospici
1356 2503 1478 2543 potest
1510 2501 1688 2544 prospice.

141 2540 197 2574 Cf.
223 2545 413 2585 praeterea
439 2542 521 2578 Sen.
548 2544 593 2578 de
619 2548 736 2588 tranq.
762 2545 870 2579 anim.
897 2545 1007 2580 VIII.
1035 2547 1066 2587 2,
1094 2548 1124 2581 3.

146 2634 152 2640 ι
241 2589 294 2623 10.
321 2589 367 2623 In
391 2593 493 2624 tanta
513 2592 720 2635 ‘scripturae
753 2593 931 2627 varietate
964 2593 1033 2628 hoc
1065 2595 1294 2638 potissimum
1326 2594 1524 2628 tenendum
1549 2593 1692 2627 videtur

143 2646 181 2668 in
206 2636 354 2679 optimis
380 2637 482 2671 libris
509 2642 545 2672 et.
569 2639 659 2672 nisi
685 2642 721 2672 et
746 2638 865 2673 facis
892 2640 1066 2675 exhiberi.
1104 2641 1198 2676 Nam
1225 2642 1320 2684 quod
1345 2642 1383 2675 in
1407 2641 1438 2675 B
1457 2641 1548 2674 siin
1565 2651 1692 2674 rasura

141 2684 393 2735 esu—secunda
418 2695 526 2718 manu
551 2686 643 2719 nisi
669 2697 778 2730 supra
803 2687 980 2731 scriptum
1006 2688 1133 2724 cernis.
1171 2687 1289 2732 Quam
1306 2689 1523 2733 particulam
1546 2688 1576 2721 si
1593 2699 1690 2721 rece-

143 2739 252 2771 peris,
288 2730 423 2764 mirum
454 2736 628 2774 quantum
655 2732 881 2767 difficultatis
913 2734 1170 2779 interpretanti
1202 2736 1339 2770 afferet..
1388 2735 1562 2770 Dubitari
1594 2735 1691 2768 enim

138 2778 277 2818 potest,
313 2780 436 2812 utrum
462 2778 531 2813 hoc
556 2782 703 2814 moneat
737 2781 924 2823 sententia,
959 2782 1028 2815 nisi
1061 2783 1167 2818 amici
1197 2784 1287 2817 vitia
1312 2783 1473 2828 patiaris,
1509 2794 1552 2817 ex
1584 2782 1628 2815 iis
1654 2786 1691 2814 te
