1967 3090
764 146 1086 189 -225—

151 263 247 309 Quid
283 264 331 297 sit
356 263 410 297 vis
436 262 530 297 bene
556 261 688 297 definit
714 261 787 297 Cic.
813 272 881 306 pro
908 261 1054 296 Caecin.
1083 262 1138 296 15.
1164 271 1238 294 non
1264 271 1343 294 eam
1369 260 1486 293 solam
1510 259 1584 293 vim
1611 269 1698 297 esse.

152 322 243 355 quae
275 310 322 344 ad
356 321 486 354 corpus
521 314 686 343 nostrum
712 310 894 352 vitamque
919 308 1117 352 perveniat,
1158 308 1221 342 sed
1247 308 1357 341 etiam
1383 306 1500 340 multo
1524 306 1701 341 maiorem

149 369 245 396 eam,
286 368 376 400 quae
407 357 570 401 periculo
604 356 733 391 mortis
765 356 899 390 iniecto
932 355 1125 389 formidine
1156 354 1317 388 animum
1348 353 1586 397 perterritum
1619 352 1700 387 loco

150 415 257 449 saepe
297 408 333 438 et
370 408 471 438 certo
515 404 560 437 de
599 407 697 437 statu
730 403 926 437 demoveat
957 402 1002 437 cf.
1038 400 1162 445 Quint.
1194 400 1279 436 VH.
1315 401 1346 441 3,
1377 401 1428 435 17.
1461 399 1566 435 Publ.
1596 399 1629 433 V
1656 399 1701 434 32

149 452 266 496 (692).
306 450 427 486 Plaut.
454 451 549 485 Rud.
576 450 644 485 IV.
671 451 703 491 2,
732 450 762 484 7.
791 449 867 484 Nec
891 448 1107 483 incredibile
1132 451 1187 482 est
1204 448 1362 481 voluisse
1380 447 1583 481 Publilium
1600 446 1702 480 illam

149 498 381 533 Sullanorum
413 505 621 542 temporum
654 498 728 531 vim
759 500 866 539 atque
899 496 1068 530 iniuriam
1094 494 1311 536 significare,
1344 495 1389 528 de
1415 493 1544 537 quibus
1571 493 1700 528 Cicero

148 545 235 591 (Off.
262 545 289 579 1.
321 546 392 590 14.)
426 545 565 579 recenti
596 544 771 579 memoria
795 546 937 577 narrat:
979 542 1213 585 „Videndum
1238 546 1295 576 est
1319 542 1440 586 igitur,
1478 545 1519 574 ut
1544 552 1587 574 ea
1611 540 1700 575 libe-

147 593 296 627 ralitate
327 597 482 628 utamur,
518 602 608 635 quae
642 591 759 635 prosit
792 591 928 632 amicis,
963 594 1095 624 noceat
1127 589 1274 623 nemini.
1307 599 1420 632 quare
1446 588 1488 622 L.
1517 587 1640 622 Sullae
1665 591 1702 622 et

148 639 186 675 C.
213 639 377 673 Caesaris
403 639 639 683 pecuniarum
663 638 856 672 translatio
891 649 910 671 a
936 638 1041 671 iustis
1067 636 1224 671 dominis
1256 635 1303 670 ad
1328 636 1466 669 alienos
1492 646 1565 668 non
1591 635 1702 669 debet

148 687 308 721 liberalis
333 686 472 720 videri*
501 686 582 721 coll.
609 684 662 720 ΙΙ.
689 685 720 720 8.

243 734 298 769 37.
326 732 558 768 Sententiam
583 744 657 766 non
683 732 947 773 emendatione,
975 731 1038 766 sed
1062 730 1370 775 interpretatione
1396 729 1581 773 expedias.
1609 728 1701 763 Gru-

146 785 246 815 terus
279 780 428 825 quidem
465 791 548 813 cum
580 780 687 820 idem,
724 780 821 823 quod
845 778 1038 814 Menandri
1063 781 1218 813 monost.
1246 778 1324 813 585.
1356 775 1450 809 τοῦτ)
1479 777 1552 808 ἔστι
1576 775 1617 808 τὸ
1638 775 1702 818 ζῆν

146 829 194 870 μὴ
221 828 358 868 σεαυτῷ
378 828 452 869 ζῆν,
486 827 554 861 hac
573 826 752 861 sententia
770 826 895 861 doceri
912 826 1149 865 existimaret,
1175 824 1377 870 proposuit,
1404 826 1445 857 ut
1463 823 1702 857 scriberetur:

148 875 223 919 qui
249 875 341 909 sibi
359 886 394 908 111
406 874 489 908 odo
507 886 539 908 v.
560 885 589 908 a.
608 886 655 909 m.
675 885 704 908 e.
723 885 771 907 m.
795 884 886 917 quae
904 873 1053 916 quidem
1074 873 1255 907 sententia
1275 871 1365 905 mihi
1390 871 1488 905 idem
1513 870 1635 904 dicere
1650 870 1703 903 vi-

147 923 263 956 detur.
323 921 481 955 Orellius
514 925 636 955 autem
669 921 714 955 de
748 932 857 955 avaro
888 921 1169 964 interpretatur,
1205 919 1339 963 quippe
1371 918 1433 961 qui
1457 918 1510 951 ita
1535 917 1604 951 sibi
1630 928 1704 950 non

147 970 257 1010 vivat,
284 975 326 1002 ut
350 979 417 1002 nec
443 968 512 1001 sibi
537 979 603 1002 nec
630 968 712 1001 aliis
739 968 875 1011 aliquid
900 968 987 1002 boni
1011 967 1201 1012 largiatur.
1241 965 1318 1000 Nec
1343 965 1451 998 aliter
1469 964 1702 998 W'oelfflinus

148 1017 367 1050 sententiam
382 1015 576 1057 intellexit,
592 1027 671 1049 cum
693 1015 784 1049 sibi
802 1016 1066 1059 interpretetur
1083 1025 1137 1048 ne
1152 1026 1166 1047 s
1178 1014 1241 1047 ibi
1263 1013 1457 1056 quidem.
1485 1010 1558 1045 Sed
1576 1011 1702 1045 Publi-

147 1063 264 1097 lianae
304 1063 506 1097 sententiae
541 1063 796 1106 interpretatio
831 1067 911 1096 tota
945 1073 990 1096 ex
1023 1073 1065 1095 ea
1098 1061 1240 1095 ratione
1266 1060 1412 1104 pendet,
1446 1070 1517 1102 qua
1543 1059 1631 1102 quid
1657 1059 1704 1092 sit

149 1110 241 1144 sibi
265 1111 425 1143 vivere
451 1109 703 1153 explicaveris.
756 1109 867 1143 Cuius
902 1109 1156 1153 explicat-ionis
1182 1109 1279 1141 viam
1310 1110 1493 1140 monstrat
1524 1105 1604 1140 Ter.
1630 1105 1702 1139 Ad.

150 1156 197 1192 V.
224 1158 255 1191 4.
286 1159 339 1191 11.
377 1168 447 1200 quo
474 1157 555 1190 loco
582 1156 720 1191 Demea
746 1156 836 1190 haec
863 1156 908 1190 de
933 1155 1110 1190 Micione:
1138 1155 1229 1189 sibi
1253 1154 1395 1188 vixit:
1424 1154 1493 1187 sibi
1520 1156 1704 1197 sumptum

150 1204 253 1239 fecit:
295 1215 419 1237 omnes
453 1204 690 1238 benedicunt.
727 1207 873 1238 amant..
919 1202 1060 1246 Quibus
1093 1203 1215 1236 verbis
1249 1213 1323 1235 non
1355 1201 1425 1235 hoo
1458 1201 1580 1234 dicere
1613 1200 1702 1239 vult,

148 1252 252 1285 illum
291 1262 355 1285 sua
387 1254 533 1284 tantum
567 1250 758 1284 commoda
790 1253 985 1294 spectasse.
1019 1250 1174 1283 aliorum
1206 1249 1423 1294 neglexisse.
1475 1247 1553 1281 Nec
1578 1246 1704 1280 Ruhn-

150 1299 299 1332 kenium
326 1309 368 1332 ea
394 1302 492 1332 recte
519 1298 801 1342 interpretatum
828 1308 905 1331 esse
931 1300 1031 1341 puto,
1059 1308 1141 1330 cum
1166 1297 1470 1339 interpretaretur
1498 1294 1612 1337 „sibi
1637 1294 1703 1327 vi—

151 1346 221 1379 vit
254 1346 288 1380 h.
317 1356 344 1379 e.
384 1352 528 1379 secutus
556 1349 610 1378 est
635 1346 748 1378 vitam
781 1344 850 1378 sibi
876 1344 1208 1378 commodissimam
1233 1343 1360 1377 alienis
1386 1343 1543 1387 negotiis
1570 1352 1607 1375 se
1633 1352 1707 1374 11011

153 1393 380 1426 immiscens:
419 1392 458 1426 id
495 1393 590 1426 enim
628 1392 759 1425 falsum
785 1402 864 1426 esse
898 1402 942 1424 ex
968 1402 1009 1425 eo
1034 1391 1110 1424 iam
1135 1390 1376 1435 cognoscitur,
1416 1390 1514 1432 quod
1539 1389 1596 1422 vel
1623 1399 1705 1421 suos

152 1441 266 1484 ipsius
302 1439 396 1473 filios
436 1439 491 1472 illi
526 1439 680 1473 consilia
714 1439 835 1472 onmia
861 1438 1020 1479 credere,
1053 1438 1158 1471 illum
1184 1448 1316 1477 amare,
1345 1437 1443 1480 apud
1467 1436 1571 1469 illum
1598 1435 1705 1468 ambo

152 1498 230 1521 esse
256 1487 319 1522 ait,
371 1486 475 1520 Sibi
499 1487 661 1520 vivere
688 1486 785 1529 apud
809 1485 995 1520 Romanos
1021 1496 1095 1518 non
1112 1486 1142 1518 is
1161 1485 1305 1525 dicitur,
1332 1484 1394 1527 qui
1418 1483 1597 1527 neglectis
1624 1482 1705 1515 aliis

153 1534 361 1568 hominibus
398 1533 563 1578 indulget
597 1534 668 1566 suis
701 1533 959 1577 voluptatibus.
997 1532 1061 1566 sed
1094 1532 1155 1575 qui
1188 1532 1312 1575 turpia
1345 1531 1516 1571 inertiae,
1552 1530 1701 1569 ventris,

151 1581 283 1615 somni.
327 1580 491 1614 libidinis
524 1581 613 1614 vitia
646 1580 788 1624 fugiens
820 1584 926 1624 atque
959 1580 1122 1613 honestis
1156 1579 1285 1612 studiis
1323 1578 1486 1612 intentus
1526 1588 1607 1610 suas
1646 1587 1704 1609 res

149 1628 305 1672 impigre
330 1628 416 1673 agit.
444 1627 638 1671 diligenter
661 1631 795 1666 tuetur,
824 1627 1009 1671 sapienter
1026 1626 1277 1660 administrat:
1304 1625 1449 1668 qualem
1473 1624 1529 1658 illi
1546 1624 1616 1668 ipsi
1633 1634 1705 1657 uno

150 1675 261 1709 verbo
295 1675 412 1708 virum
450 1679 637 1708 strenuum
674 1674 855 1708 dicebant.
895 1673 949 1707 Cf.
989 1672 1072 1708 Sen.
1107 1684 1162 1717 ep.
1190 1672 1258 1707 VI.
1294 1674 1314 1707 3
1349 1673 1426 1717 [55]
1459 1672 1498 1706 4:
1539 1671 1705 1706 Otiosum

153 1722 251 1756 enim
284 1721 468 1756 hominem
503 1722 693 1756 seductum
727 1721 913 1754 existimat
944 1721 1074 1765 vulgus
1103 1724 1140 1754 et
1165 1731 1333 1754 securum
1359 1723 1395 1752 et
1421 1730 1458 1753 se
1483 1722 1703 1757 contentum.

155 1769 244 1803 sibi
269 1770 527 1809 viventem,
555 1779 707 1811 quorum
733 1768 825 1802 nihil
851 1768 918 1801 ulli
943 1768 1157 1812 contingere
1189 1767 1263 1800 nisi
1294 1766 1449 1810 sapienti
1475 1769 1607 1810 potest.
1643 1764 1705 1798 ille

155 1816 302 1859 quidem
336 1816 436 1850 nulla
469 1827 509 1849 re
541 1815 718 1850 sollicitus
753 1815 823 1849 scit
848 1815 916 1849 sibi
940 1816 1075 1848 vivere.
1102 1815 1167 1848 1110
1193 1814 1299 1855 0111111,
1335 1813 1431 1856 quod
1457 1816 1511 1847 est
1536 1813 1705 1856 primum.

155 1863 223 1897 scit
252 1864 386 1897 vivere.
438 1862 533 1897 Nam
566 1862 627 1906 qui
653 1873 710 1896 res
743 1867 781 1896 et
810 1862 975 1896 homines
1006 1861 1111 1906 fugit,
1151 1872 1260 1905 quem
1291 1861 1534 1904 cupiditatum
1559 1870 1705 1893 suarum

151 1909 348 1944 infelicitas
373 1910 563 1954 relegavit,
591 1910 651 1952 qui
671 1910 761 1944 alios
788 1909 970 1943 feliciores
996 1908 1122 1943 videre
1147 1919 1222 1942 non
1246 1908 1377 1952 potuit,
1404 1907 1467 1950 qui
1483 1907 1583 1941 velut
1608 1906 1704 1939 timi—

152 1957 237 1991 dum
276 1961 384 2001 atque
421 1957 518 1991 iners
556 1956 691 1990 animal
728 1960 828 1990 metu
863 1956 1011 1990 oblituit
1035 1956 1098 1990 ille
1123 1967 1212 1989 non
1238 1955 1328 1989 sibi
1353 1954 1491 1995 vivit,
1519 1954 1583 1988 sed
1608 1953 1705 1996 quod

151 2007 208 2038 est
241 2005 494 2048 turpissimum
519 2004 651 2044 ventri,
685 2014 823 2039 somno.
856 2002 1028 2036 libidine:
1061 2014 1136 2037 non
1161 2002 1334 2036 continuo
1362 2001 1451 2035 sibi
1476 2001 1615 2040 vivit.
1643 2000 1705 2044 qui

150 2051 298 2085 nemini.
325 2052 346 2087 8
371 2051 450 2095 (60)
474 2053 506 2085 4.
533 2051 600 2084 hos
626 2051 760 2094 itaque,
787 2054 828 2084 ut
852 2050 903 2084 ait
931 2049 1126 2084 Sallustius
1161 2049 1256 2094 (Cat.
1283 2048 1335 2083 Π.
1362 2049 1412 2093 8.)
1436 2048 1556 2082 ventri
1581 2047 1706 2081 obedi-

153 2101 253 2131 entes
287 2098 497 2132 animalium
528 2098 610 2132 loco
635 2108 876 2136 numeremus,
910 2107 984 2130 non
1009 2096 1216 2131 hominum:
1243 2096 1420 2139 quosdam
1445 2106 1531 2129 vero
1557 2105 1603 2128 110
1629 2095 1706 2127 ani-

150 2145 302 2178 malium
327 2145 484 2188 quidem,
521 2145 582 2178 sed
607 2147 909 2179 mortuorum.
935 2144 1057 2177 vivit
1081 2144 1122 2185 is,
1151 2144 1213 2187 qui
1237 2143 1362 2177 multis
1387 2142 1469 2176 usui
1494 2145 1559 2183 est,
1586 2142 1706 2175 vivit

149 2192 190 2233 is,
218 2193 279 2236 qui
306 2203 343 2226 se
368 2192 494 2226 utitur.
521 2192 686 2235 quivero
704 2191 856 2224 latitant
881 2194 918 2225 et
942 2193 1102 2235 torpent,
1130 2191 1182 2224 sic
1206 2190 1245 2224 in
1269 2190 1377 2224 domo
1403 2191 1500 2230 sunt,
1527 2188 1707 2232 quomodo

151 2240 190 2272 in
215 2239 412 2273 conditivo.
438 2239 569 2273 horum
594 2239 681 2272 licet
706 2239 745 2272 in
769 2238 895 2272 limine
919 2237 998 2282 ipso
1024 2248 1159 2271 nomen
1181 2237 1358 2271 marmori
1374 2236 1568 2271 inscribas:
1595 2246 1708 2269 mor-

151 2289 241 2320 tem
275 2297 376 2320 suam
408 2290 690 2320 antecesserunt.
730 2283 977 2320 Pseudo-Seu.
1013 2285 1058 2319 de
1083 2284 1219 2319 remed.
1253 2284 1337 2319 fort.
1364 2283 1477 2318 XIH.
1504 2283 1536 2318 9.
1564 2283 1620 2317 ed.
1647 2281 1707 2316 Fr.

157 2332 288 2367 Haasii
321 2333 391 2367 vol.
418 2332 490 2367 III.
518 2344 553 2377 p.
579 2334 659 2367 455.
695 2332 917 2366 exstinctum
941 2331 1010 2366 fleo
1036 2331 1152 2365 filium
1176 2332 1335 2366 unicum.
1386 2330 1426 2365 Si
1450 2330 1601 2364 fleturus
1628 2340 1706 2364 eras

154 2380 380 2421 morientem,
409 2384 445 2414 et
468 2383 679 2414 nascentem
704 2379 847 2414 flesses:
875 2390 972 2413 nunc
995 2379 1090 2412 mori
1123 2379 1242 2419 desiit,
1281 2382 1370 2412 tunc
1407 2381 1589 2421 coeperat.
1627 2377 1707 2410 illi

152 2427 358 2468 vixeras,
393 2427 496 2462 vive
521 2428 595 2461 iam
619 2426 723 2462 tibi.
774 2425 945 2460 Vivere
970 2426 1085 2470 igitur
1116 2429 1152 2459 et
1184 2429 1411 2459 mortuum
1444 2436 1523 2459 esse
1555 2436 1638 2459 cum
1670 2424 1708 2457 in

153 2474 221 2507 hac
256 2474 437 2508 sententia
469 2474 680 2508 Publiliana
713 2476 954 2517 opponantur,
988 2473 1064 2506 viv
1078 2484 1150 2506 ere
1182 2484 1257 2506 non
1282 2476 1338 2506 est
1363 2472 1554 2506 commode
1587 2483 1629 2505 ac
1653 2471 1706 2504 iu-

153 2520 270 2555 cunde
307 2521 442 2562 vivere,
482 2522 546 2556 sed
583 2531 734 2565 agere.
797 2519 1047 2564 Quamobrem
1081 2519 1176 2554 hanc
1209 2530 1336 2554 versus
1374 2519 1592 2554 sententiam
1629 2528 1708 2552 esse

154 2568 341 2602 existimo:
371 2566 464 2611 „Qui
489 2579 570 2602 suas
583 2568 664 2612 ipse
689 2578 747 2601 res
772 2578 847 2600 non
865 2570 1012 2601 strenue
1029 2567 1106 2610 agit
1124 2570 1309 2610 curatque,
1335 2567 1366 2600 is
1385 2566 1466 2600 aliis
1483 2566 1536 2599 nil
1558 2565 1706 2599 omnino

154 2614 327 2659 prodesse
343 2618 496 2659 potest..=⁴
533 2615 706 2650 Latinum
731 2614 783 2648 sic
799 2614 838 2647 in
855 2612 1115 2648 Germanicum
1130 2616 1333 2648 vertamus:
1363 2613 1459 2656 „Fiir
1484 2612 1562 2647 sich
1586 2611 1707 2646 nichts

153 2660 246 2695 thun
277 2661 390 2696 heisst
424 2666 481 2696 tot
518 2661 579 2695 fiir
614 2662 726 2696 andre
753 2661 858 2696 sein.·‘
905 2659 961 2696 Cf.
990 2659 1094 2696 Caec.
1119 2660 1225 2695 Balb.
1251 2673 1286 2705 p.
1314 2660 1369 2695 27.
1396 2659 1496 2694 Mon.
1522 2658 1651 2693 XXII.
1686 2659 1707 2692 2

155 2707 272 2751 (Sent.
300 2709 386 2753 352).

250 2755 306 2790 38.
335 2754 467 2798 „Nulla
492 2766 550 2789 res
574 2755 668 2789 bene
693 2758 798 2799 gesta
822 2754 943 2799 gloria
968 2757 1102 2790 caret.‘⁴

1429 2813 1472 2847 15
