1967 3090
751 216 807 219 —
870 192 952 233 11:23
1017 214 1070 218 —-

141 321 218 343 esse
253 311 360 352 atque
390 307 560 342 Plautum
587 306 868 349 Terentiumque
902 309 937 340 et
969 309 1110 339 veteres
1146 306 1314 349 tragicos.
1365 304 1479 339 Recte
1505 304 1696 339 Erasmus:

140 356 303 397 ..Tristia
331 355 441 389 facile
469 358 693 398 sparguntur
719 355 754 387 in
780 354 917 397 vulgus.
946 364 1036 395 quae
1062 358 1159 386 recta
1188 358 1266 386 sunt
1297 357 1330 386 et
1351 352 1512 386 honesta.
1544 353 1604 385 vix
1623 363 1698 386 cre-

139 404 308 438 duntur-⁴.
359 402 435 436 Nec
477 402 576 435 aliud
614 401 727 435 voluit
763 400 946 444 Scaliger.
988 400 1056 433 nisi
1091 400 1214 433 fallor.
1253 412 1334 433 cum
1360 400 1533 433 Latinum
1574 400 1624 433 sic
1662 399 1698 432 in

139 450 323 486 Graecum
338 453 518 483 verteret:
546 448 639 490 ὸέιιί)
667 448 705 481 τὸ
726 446 823 486 δόξαι
843 447 929 492 πρὸς
954 446 994 479 τις)
1023 445 1185 486 δυστυχὲς
1210 448 1312 491 ῥοπή.
1356 446 1528 480 Valere
1549 446 1699 491 propria

137 499 172 532 11
200 497 407 542 praeditum
441 500 646 539 usurpatur,
687 498 724 528 ut
765 495 811 528 sit
848 495 1009 528 validum
1047 493 1105 527 101
1143 498 1330 537 potentem
1366 506 1442 528 csse
1478 494 1523 527 ad
1560 493 1697 536 aliquid

139 544 388 579 efficiendum:
416 555 484 587 qua
512 543 547 576 vi
575 543 603 576 si
630 542 834 586 praeditum
862 545 928 576 est.
963 553 1045 575 cum
1072 541 1149 574 solo
1178 541 1405 574 substantivo
1438 541 1577 574 verbali
1613 552 1696 574 con-

138 592 310 632 iungitur.
339 591 436 634 quod
462 602 528 634 pro
553 589 730 633 gerundio
758 591 813 622 est
846 588 890 623 cf.
919 588 992 623 Cic.
1021 587 1098 622 Cat.
1126 587 1198 621 ΠΙ.
1230 589 1281 622 12.
1310 588 1364 622 29.
1400 591 1439 621 ut
1474 589 1502 622 si
1539 600 1607 631 qua
1642 592 1697 622 est

137 639 275 674 invidia
300 639 337 672 in
363 637 612 672 conservanda
638 635 825 680 republica
853 639 1030 679 suscepta.
1060 635 1180 669 laedat
1208 635 1361 675 invidos,
1388 635 1477 668 mihi
1503 636 1626 668 valeat
1652 635 1697 669 ad

137 687 293 733 gloriam
320 686 341 719 i.
368 697 396 719 e.
427 685 472 719 ad
497 683 740 728 gloriandum.
791 683 913 717 Plaut.
940 682 1017 717 Mil.
1045 682 1118 718 III.
1150 684 1178 719 1.
1208 683 1262 717 62.
1291 682 1335 715 3(1
1362 685 1589 716 venustatem
1616 682 1637 715 i.
1667 693 1696 716 e.

138 734 184 768 ad
211 733 468 767 decorandum.
522 730 646 774 Quint.
674 731 716 764 V.
748 730 799 769 10,
835 732 889 766 35.
925 731 971 764 ad
1001 731 1154 765 veniam.
1182 730 1238 765 41.
1266 730 1311 763 3(1
1345 730 1696 763 commendationem

137 792 279 825 quoque
313 783 350 814 et
383 779 570 812 invidiam.
600 779 652 817 11,
690 778 742 812 10.
779 778 825 812 3(1
858 778 1160 812 exhortationem.
1196 777 1264 812 VI.
1291 778 1323 818 4,
1359 778 1390 811 3.
1418 777 1465 810 ad
1490 776 1697 810 victoriam.

137 827 226 862 VII.
253 828 283 862 2.
312 827 366 862 28.
395 826 441 860 ad
467 825 585 860 fidem.
612 825 680 859 IX.
711 827 740 863 1.
769 826 822 860 31.
851 826 898 859 ad
923 828 1063 859 motum
1095 826 1297 859 animorum
1325 824 1405 858 coll.
1432 823 1501 859 IX.
1529 824 1559 864 4,
1588 824 1618 858 9.
1647 822 1694 856 X.

138 877 168 910 1.
200 877 228 910 1.
279 873 444 908 Schuetz.
464 873 554 908 Lex.
573 872 648 908 Cic.
669 885 694 908 3.
713 873 844 907 valere.
895 872 1025 916 Itaque
1048 872 1137 906 haec
1156 884 1282 906 versus
1301 872 1483 905 sententia
1502 874 1557 904 est
1574 881 1694 913 quem-

135 923 226 957 libet
259 932 442 955 rumorem
477 921 499 955 i.
535 932 562 954 e.
598 920 759 963 quamvis
798 920 1000 954 invalidum
1038 920 1125 953 satis
1155 919 1316 953 validum
1351 930 1429 953 esse
1467 917 1513 951 ad
1548 918 1695 951 03131111-

135 973 249 1004 tatem
276 967 509 1002 afferendam.
561 966 636 1001 Nos
666 968 717 1000 ita
745 967 981 1002 Germanice:
1031 966 1102 1000 Ein
1138 967 1233 1000 noch
1270 978 1308 999 so
1337 965 1505 1000 schwach
1533 965 1697 1000 Geriicht

135 1029 217 1051 zum
246 1015 383 1050 Unheil
407 1015 470 1048 hat
499 1026 536 1049 es
562 1014 685 1048 Kraft.
737 1014 793 1049 De
820 1015 998 1049 sententia
1025 1013 1071 1050 cf.
1092 1014 1173 1049 Sen.
1202 1026 1258 1058 ep.
1286 1013 1338 1049 ΙΙ.
1369 1015 1384 1048 1
1413 1014 1491 1057 (13)
1516 1014 1548 1047 8.
1575 1012 1696 1046 nescio

136 1064 318 1108 quomodo
343 1063 462 1108 magis
487 1074 581 1096 vana
606 1062 834 1106 perturbant.
886 1062 987 1096 Caes
1015 1060 1091 1095 BG.
1119 1061 1187 1095 IV.
1216 1063 1247 1096 5.
1274 1060 1354 1095 Liv.
1383 1061 1437 1101 36,
1477 1061 1513 1095 12
1543 1064 1630 1093 extr.

231 1111 284 1146 18.
310 1110 410 1144 Loco
436 1110 558 1153 priore
576 1113 702 1154 pote.
730 1110 934 1154 posteriore
953 1112 1115 1153 potest
1141 1109 1367 1153 scripserunt
1393 1120 1473 1142 cum
1499 1107 1696 1151 Spengelio

135 1159 231 1202 apud
257 1157 363 1192 Publ.
399 1156 431 1200 Q,
466 1157 508 1191 16
548 1157 653 1202 (516)
689 1161 726 1191 et
760 1156 790 1200 Q
826 1157 869 1192 27
897 1156 1002 1202 (527)
1037 1156 1228 1191 Gruterus.
1256 1155 1423 1190 Orellius.
1452 1154 1694 1193 ‘Woelffliuus

133 1204 367 1240 Ribbeckius.
419 1203 495 1238 Nos
522 1207 733 1238 constanter
758 1208 868 1248 pote
896 1225 939 1229 —-
959 1207 1068 1248 pote
1095 1204 1307 1247 scripsimus
1326 1202 1369 1238 cf.
1396 1202 1525 1236 Catull.
1556 1202 1609 1236 76.
1640 1202 1694 1236 16.

133 1252 321 1287 Particula
348 1251 428 1286 sed
454 1262 646 1296 perperam
678 1251 840 1287 additur:
876 1264 960 1285 nam
997 1252 1025 1285 si
1059 1251 1204 1296 singula
1229 1251 1338 1284 verba
1371 1250 1421 1284 sic
1449 1252 1693 1293 opponuntur,

133 1303 174 1333 ut
199 1299 351 1334 verbum
378 1299 533 1332 alterum
555 1310 635 1333 cum
658 1299 853 1343 negatione
871 1299 1110 1343 praemissum
1131 1301 1302 1341 sequatur
1320 1297 1474 1331 alterum
1493 1297 1569 1329 sine
1586 1307 1695 1341 nega-

139 1348 249 1381 tione.
276 1350 317 1380 ut
330 1345 436 1381 Publ.
452 1345 491 1379 M
509 1346 552 1380 39
580 1346 680 1390 (347)
705 1357 778 1380 11011
791 1350 889 1390 pote.
915 1357 1022 1390 posse
1041 1349 1101 1379 aut
1119 1345 1224 1379 Publ.
1241 1345 1280 1379 M
1306 1346 1359 1379 74.
1390 1356 1462 1378 11011
1489 1347 1543 1377 est
1570 1364 1613 1368 —
1641 1346 1697 1377 est

138 1398 200 1428 aut
233 1393 264 1427 P
298 1394 319 1428 4
352 1394 454 1438 (453)
486 1404 559 1426 11011
592 1396 714 1436 potest
747 1413 791 1418 -—
825 1397 964 1436 potest:
999 1393 1202 1427 sententiae
1241 1392 1405 1426 membra
1441 1392 1491 1425 310
1527 1391 1697 1435 opposita

134 1441 237 1475 nulla
263 1440 443 1485 particula
469 1440 699 1474 adversativa
731 1440 1011 1485 coniunguntur.
1061 1440 1184 1483 Atque
1202 1439 1292 1473 haec
1310 1440 1404 1473 ratio
1423 1440 1459 1472 in
1485 1438 1580 1471 hunc
1599 1438 1698 1471 cadit

134 1500 287 1528 versum,
316 1488 354 1521 in
373 1498 442 1530 quo
461 1499 515 1521 no
528 1499 551 1520 11
568 1490 676 1531 pote
696 1509 739 1512 —
757 1490 865 1531 pote
892 1492 1137 1531 opponuntur.
1188 1487 1409 1532 Repugnant
1436 1487 1489 1526 iis,
1514 1496 1605 1529 quae
1623 1485 1695 1518 ‹lis—

134 1536 270 1580 putavi.
298 1535 406 1568 modo
431 1538 504 1568 tres
523 1546 647 1568 versus
666 1534 700 1569 N
729 1536 770 1570 15
796 1535 898 1579 (391)
922 1546 995 1568 11011
1021 1534 1181 1578 corrigit.
1209 1534 1287 1568 sed
1312 1534 1436 1569 laedit.
1464 1533 1497 1567 X
1524 1533 1567 1568 22
1593 1532 1694 1577 (398)

133 1594 205 1616 non
223 1583 391 1623 vincitur,
419 1582 497 1615 sed
524 1582 648 1615 vincit.
669 1581 693 1615 S
711 1582 756 1616 48
775 1583 877 1625 (662)
895 1593 967 1615 11011
994 1586 1048 1616 est
1068 1603 1110 1606 —
1128 1582 1252 1621 virtus,
1280 1593 1323 1615 se
1337 1581 1361 1615 d
1380 1580 1595 1614 crudelitas:
1624 1590 1693 1623 quo

133 1641 241 1664 versu
267 1630 346 1673 ipso
374 1641 417 1663 ex
436 1630 528 1663 coni.
557 1629 701 1673 scripsi:
729 1633 797 1663 est
823 1629 1029 1663 crudelitas.
1081 1629 1131 1662 At
1160 1640 1285 1662 eorum
1302 1639 1472 1662 versuum
1491 1639 1532 1661 eo
1551 1627 1695 1661 diversa.

139 1678 235 1711 ratio
263 1680 328 1717 est,
357 1676 453 1720 quod
478 1687 551 1709 non
577 1676 739 1710 verbum.
767 1677 863 1719 quod
890 1677 1033 1717 dicitur,
1062 1676 1238 1709 auxiliare
1266 1680 1325 1709 aut
1346 1675 1614 1708 substantivum
1633 1677 1693 1707 aut

139 1725 239 1758 aliud
274 1725 350 1757 eius
376 1723 521 1768 generis
555 1724 745 1767 repetitur.
781 1724 844 1757 sed
878 1724 958 1767 ipsa
991 1724 1198 1757 contrariae
1229 1723 1387 1757 notionis
1422 1722 1545 1757 verba.
1598 1721 1693 1755 Sane

138 1783 211 1805 non
238 1772 289 1804 ita
315 1770 483 1813 frequens
510 1774 564 1804 est
590 1781 632 1804 ea
659 1771 835 1804 orationis
854 1771 1082 1815 compositio.
1114 1782 1182 1814 qua
1201 1770 1397 1814 praecedat
1415 1770 1565 1803 verbum
1583 1779 1693 1813 nega-

133 1822 222 1858 tum.
257 1821 429 1861 sequatur
465 1817 614 1851 verbum
642 1817 874 1857 affirmatum,
903 1818 965 1852 sed
991 1819 1218 1861 frequentior
1243 1822 1297 1851 est
1325 1818 1440 1851 altera
1468 1816 1692 1860 compositio.

131 1870 172 1900 ut
197 1866 349 1899 verbum
383 1877 465 1899 cum
500 1864 719 1898 affirmatum
758 1865 999 1909 praemissum
1033 1865 1090 1907 sit,
1128 1868 1206 1899 tum
1240 1868 1413 1909 negatum
1448 1869 1620 1907 sequatur
1646 1862 1692 1897 ef.

131 1912 238 1948 Publ.
275 1912 310 1946 A
345 1913 376 1947 5.
404 1912 568 1953 sumitur,
603 1924 676 1946 non
710 1913 869 1957 ponitur.
904 1914 958 1948 15.
994 1913 1063 1947 scit
1088 1934 1131 1938 -
1158 1925 1230 1947 non
1264 1912 1375 1947 videt.
1411 1912 1466 1947 36.
1501 1912 1622 1945 animo
1650 1931 1691 1935 ——

132 1972 205 1995 non
241 1958 361 1995 oculo.
396 1960 452 1994 57.
487 1960 644 2000 noveris,
678 1972 750 1993 non
785 1959 917 1995 oderis.
967 1959 999 1993 B
1027 1961 1068 1994 13
1095 1960 1174 2004 (56)
1206 1959 1395 1999 blanditia,
1428 1970 1502 1993 non
1528 1957 1692 2002 imperiO.

132 2007 160 2042 C
190 2009 208 2042 1
237 2008 318 2051 (85)
346 2007 508 2047 ferimus,
535 2018 608 2040 non
625 2007 888 2051 reprendimuS.
916 2008 959 2042 24
986 2007 1090 2052 (109)
1109 2007 1266 2041 crudelis
1292 2027 1336 2032 -—
1362 2018 1435 2040 non
1453 2006 1568 2040 fortis.
1595 2005 1630 2039 D
1648 2005 1693 2038 2⁴»

132 2055 240 2099 (142)
265 2054 376 2088 habet
402 2075 446 2078 —
472 2066 544 2088 non
570 2054 691 2090 habet.
741 2054 772 2088 E
801 2055 841 2088 11
870 2055 975 2099 (157)
1002 2055 1143 2098 eripere
1171 2076 1213 2079 -—
1241 2066 1313 2087 non
1331 2054 1428 2088 dare.
1478 2053 1508 2087 F
1530 2055 1567 2087 11
1590 2052 1694 2097 (176)

131 2103 239 2141 feras,
266 2113 339 2135 non
367 2101 504 2145 culpes.
554 2100 586 2135 L
612 2101 631 2135 9
657 2102 762 2146 (3011)
791 2101 915 2141 111)1ᾶο,
951 2113 1024 2135 11011
1057 2102 1242 2135 iudicium.
1294 2100 1333 2135 M
1360 2102 1404 2135 50
1430 2101 1534 2145 (3582)
1568 2110 1692 2133 mune-

129 2149 228 2183 ribus
254 2170 298 2173 —
324 2160 397 2182 non
434 2148 606 2184 lacrimis,
642 2149 696 2182 70.
724 2160 882 2187 monere,
916 2160 989 2182 non
1023 2149 1162 2192 punire.
1213 2148 1247 2182 N
1275 2148 1318 2183 58
1345 2148 1446 2193 (434)
1480 2148 1584 2188 ferre,
1618 2158 1692 2180 non

129 2197 232 2231 flere.
293 2195 324 2229 P
351 2196 396 2231 29
434 2195 534 2240 (478)
572 2198 736 2230 moratur
773 2215 816 2222 -ι
858 2207 931 2229 11011
968 2196 1156 2240 praeterit.
1203 2196 1246 2230 32
1289 2196 1390 2240 (461)
1430 2196 1580 2235 3111111113,
1620 2205 1692 2227 11011

130 2255 271 2287 corpus.
325 2243 369 2277 39
402 2243 503 2287 (488)
535 2243 695 2283 insidias,
746 2255 817 2276 11011
862 2243 998 2278 fletum.
1044 2244 1088 2277 45
1121 2243 1225 2287 (494)
1257 2243 1383 2279 flectit.
1430 2254 1503 2276 non
1541 2241 1690 2286 frangit.

131 2290 163 2335 Q
190 2292 211 2325 6
236 2290 340 2335 (508)
367 2290 463 2334 quod
488 2290 568 2324 vult
593 2311 637 2314 —
664 2302 738 2324 non
764 2290 861 2334 quod
896 2290 1011 2325 decet.
1039 2291 1082 2325 29
1111 2291 1213 2331 (529)
1246 2294 1342 2334 pote.
1377 2302 1449 2324 non
1483 2290 1573 2324 11111.
1609 2288 1643 2322 R
1673 2289 1689 2322 1

129 2338 232 2382 (569)
257 2338 411 2378 13110110,
445 2349 518 2372 11011
544 2337 590 2373 vi.
618 2338 638 2372 3
666 2338 770 2382 (571)
804 2337 999 2378 fortunam,
1034 2349 1107 2372 non
1147 2340 1290 2373 testem.
1317 2340 1336 2372 6
1363 2337 1466 2382 (574)
1500 2348 1575 2371 reni
1602 2336 1687 2380 agit.

131 2397 203 2419 non
221 2384 393 2428 loquitur.
422 2385 465 2419 13
484 2384 586 2428 (581)
604 2396 734 2428 rapere
752 2388 817 2421 est.
837 2396 910 2418 non
927 2388 1065 2428 petere.
1096 2386 1137 2420 16
1157 2385 1261 2429 (675)
1278 2385 1435 2421 redimit.
1466 2396 1539 2417 non
1556 2383 1689 2427 perdit.

130 2431 156 2466 S
182 2433 202 2467 7
228 2432 325 2476 (590)
353 2443 488 2473 30113113,
514 2443 587 2466 11011
613 2435 724 2467 30133.
776 2431 840 2466 Sin
866 2443 952 2466 vero
976 2444 1049 2466 non
1067 2432 1212 2477 singula
1229 2433 1351 2472 verba.
1381 2432 1446 2465 sed
1464 2432 1557 2466 duae
1575 2442 1686 2464 enun-

130 2479 300 2513 tiationes
335 2479 464 2522 plenae
494 2490 565 2512 una
593 2480 777 2513 sententia
811 2479 1093 2522 comprehensae
1132 2484 1376 2523 opponuntur.
1412 2483 1511 2512 recte
1529 2479 1627 2512 inter
1653 2488 1689 2511 se

130 2526 313 2570 particula
339 2525 418 2560 sed
444 2529 639 2560 nectuntur
664 2526 709 2559 cf.
736 2526 771 2559 A
797 2526 853 2561 46.
882 2538 1009 2560 avarus
1026 2537 1099 2560 non
1124 2526 1162 2560 in
1178 2527 1253 2560 vita
1274 2530 1338 2567 est,
1366 2526 1429 2560 sed
1447 2527 1600 2559 moritur
1617 2525 1690 2558 diu.

131 2572 300 2607 Ceterum
320 2573 541 2615 sententiam
559 2576 659 2607 recte
676 2573 767 2606 mihi
786 2572 959 2607 Erasmus
976 2573 1123 2607 videtur
1147 2574 1197 2607 sic
1222 2574 1503 2617 interpretatus:
1550 2573 1690 2607 ..Amor

129 2632 202 2654 non
229 2623 352 2664 potest
378 2620 497 2654 subito
515 2621 622 2664 vique
645 2621 791 2664 expelli.
824 2621 884 2654 sed
913 2621 1091 2665 paulatim
1115 2624 1236 2665 potest
1261 2620 1390 2655 elabi.‘·'
1443 2620 1568 2663 Neque
1593 2619 1689 2654 enim

130 2667 319 2710 quisquam
345 2678 504 2701 amorem
525 2667 706 2712 deponere
727 2667 809 2712 cogi
828 2671 959 2711 potest,
987 2668 1051 2701 sed
1075 2667 1117 2702 fit
1134 2668 1348 2712 plerumque
1365 2668 1488 2701 nescio
1508 2666 1688 2710 quomodo

130 2718 170 2747 ut
205 2718 335 2758 sponte
368 2714 488 2748 dicam
524 2726 569 2748 an
605 2726 692 2748 casu
718 2715 900 2759 quispiam
926 2726 1046 2749 amare
1084 2715 1226 2749 desinat
1263 2715 1306 2748 cf.
1346 2714 1428 2750 Sen.
1464 2714 1577 2748 Herc.
1608 2714 1687 2748 Oct.

134 2761 332 2796 449-452.
359 2761 605 2796 Buechelerus
626 2762 800 2796 coniecit:
835 2762 913 2795 sed
937 2761 1000 2795 ali
1025 2766 1202 2806 potest,
1235 2761 1460 2796 Ribbeckius
1497 2760 1687 2796 sententia.

131 2808 258 2851 inquit,
286 2808 531 2842 eblandiri
559 2809 709 2843 notione
738 2808 881 2853 passiva
911 2809 1069 2854 flagitat:
1100 2821 1186 2843 num
1217 2808 1414 2843 elambi?
1443 2808 1487 2843 cf.
1518 2810 1572 2843 56.

1431 2868 1453 2903 8
