1967 3090
751 115 1068 159 —191—

136 236 185 269 sit
218 238 255 269 et
287 238 327 268 ut
360 234 412 267 ita
447 233 557 267 dicat.
593 232 861 277 spississimum,
889 230 988 264 domi
1013 239 1199 262 remanere
1227 233 1263 262 et
1290 237 1454 271 premere
1482 225 1688 260 habentem.

137 282 229 317 Tum
262 292 349 315 vero
382 281 473 315 haec
508 280 628 314 addit:
669 277 997 322 „quemadmodum
1030 276 1180 310 Attalus
1213 279 1338 310 noster
1371 274 1493 308 dicere
1528 272 1688 306 solebat:

136 329 329 364 malitia
360 328 465 373 ipsa
490 327 729 361 maximam
756 329 935 369 partem
961 324 1128 357 veneni
1154 323 1220 356 sui
1246 322 1378 357 bibit.
1430 320 1528 354 Illud
1555 330 1688 353 vene—

138 388 255 416 num,
284 374 380 420 quod
407 377 594 419 serpentes
621 374 658 408 in
685 373 840 406 alienam
859 370 1058 415 perniciem
1082 370 1283 414 proferunt,
1312 369 1389 403 sine
1407 379 1470 401 sua
1490 367 1688 406 continent,

137 435 213 458 non
248 426 303 457 est
328 423 413 457 huic
438 422 572 455 simile:
607 420 676 454 hoc
701 419 920 453 habentibus
946 418 1145 462 pessimum
1171 420 1261 450 est-⁴
1298 416 1366 450 Est
1393 423 1514 449 autem
1541 413 1690 447 Attalus

137 471 199 505 ille
218 469 459 515 philosophus
487 468 633 502 Stoicus
659 467 826 510 idemque
852 466 966 509 ipsius
993 463 1152 499 Senecae
1176 465 1406 507 praeceptor,
1433 473 1539 506 quem
1567 461 1690 495 multis

136 518 225 552 locis
243 517 384 551 meritis
409 515 578 550 laudibus
605 514 758 548 ornavit.
810 512 900 546 Cum
926 512 1040 557 igitur
1064 511 1216 546 Publilii
1243 510 1435 545 sententia.
1465 509 1538 542 sive
1556 509 1693 553 legitur

138 568 301 599 natura
319 575 381 598 seu
399 573 595 598 venena.
623 560 744 595 Attali
762 559 977 604 phisosophi
995 559 1094 593 dicto
1121 558 1307 592 simillima
1332 558 1389 597 sit,
1418 556 1558 591 etiamsi
1577 555 1691 589 nollet

137 612 353 646 histrionem
379 610 567 655 appellare
590 608 751 646 Attalus,
779 611 903 641 tamen
928 618 1000 640 non
1027 605 1268 640 dubitandum
1295 612 1360 645 est,
1388 604 1475 647 quin
1492 615 1512 637 a
1530 602 1691 637 Publilio

138 658 230 703 Syro
248 658 448 702 repetierit.
490 657 609 701 Quare
626 667 698 689 non
726 660 782 689 est
808 654 904 698 quod
923 653 1101 688 Senecam
1126 664 1267 696 quoque
1294 651 1447 686 eandem
1473 651 1694 684 sententiam

138 706 183 741 ab
208 706 339 740 Attalo
358 716 422 738 suo
441 715 549 748 quam
574 715 594 737 a
611 702 771 736 Publilio
790 705 956 745 repetere
974 700 1148 734 maluisse
1174 700 1360 734 miremur.
1414 697 1568 737 Pasci,
1596 697 1693 740 quod

137 753 320 798 proposui,
348 763 429 786 cum
455 751 663 785 accusativo
690 749 833 787 obiecti.
862 748 959 792 quod
983 751 1127 787 vocant,
1155 748 1389 782 coniunctum
1408 746 1496 779 satis
1523 743 1693 787 frequens

138 804 192 836 est
220 800 265 835 cf.
295 799 406 844 Verg.
435 797 569 841 Georg.
595 796 669 831 ΙΙΙ.
699 797 776 836 314.
805 795 872 830 IV.
899 796 980 830 48¹1.
1006 796 1099 830 Aen.
1126 794 1178 830 H.
1204 795 1284 829 471.
1312 793 1376 828 Sil.
1404 792 1452 828 It.
1479 791 1591 827 XIII.
1611 792 1690 826 440.

138 848 220 882 coll.
259 847 343 882 Sen.
383 857 439 890 ep.
477 844 583 878 XIV.
612 845 632 879 3
658 843 736 889 (91)
764 845 793 878 1.
833 843 877 877 de
916 843 1020 878 clem.
1058 842 1089 878 I.
1125 842 1180 882 25.
1217 843 1246 877 1.
1279 841 1403 876 Attali
1436 851 1521 874 vero
1554 839 1694 872 dictum

137 895 274 929 Bothio
313 893 447 934 arrisit,
486 896 527 925 ut
568 892 605 925 id
642 892 762 935 ipsum
795 891 892 925 inter
931 890 1128 924 sententias
1162 888 1391 922 Publilianas
1425 887 1605 931 reciperet
1638 886 1694 919 his

137 942 296 976 numeris
315 939 552 975 adstrictum:
578 938 721 973 Malitia
739 939 818 982 ipsa
837 939 890 971 sui
907 937 1038 971 veneni
1055 937 1252 971 maximam
1277 937 1421 980 partem
1446 934 1549 969 bibit.
1576 932 1694 967 Docet

137 990 253 1031 igitur
279 987 462 1022 sententia
480 986 710 1024 malevolum,
738 986 901 1029 quamvis
926 989 966 1018 ut
983 995 1163 1018 venenum
1190 995 1349 1027 serpens.
1378 983 1428 1016 sic
1453 981 1633 1015 malitiam
1658 981 1695 1014 in

139 1037 231 1070 alios
259 1038 414 1074 evomat,
447 1038 570 1068 tamen
602 1033 819 1077 pestiferam
849 1033 923 1066 vim
955 1032 1071 1066 veluti
1104 1031 1293 1076 propriam
1327 1041 1470 1074 semper
1503 1029 1555 1062 ita
1586 1029 1623 1061 in
1658 1039 1696 1062 se

111 1113 116 1118 .
139 1084 309 1123 retinere,
345 1082 448 1127 quasi
481 1092 525 1115 ea
561 1082 639 1125 ipse
665 1081 895 1114 contineatur
921 1083 1030 1123 atque
1056 1079 1185 1112 alatur.
1236 1077 1367 1122 Itaque
1393 1089 1413 1110 a
1439 1088 1524 1111 vero
1551 1076 1696 1109 aberra-

138 1131 192 1164 vit
216 1130 372 1165 Bothius
399 1129 446 1163 ad
470 1127 577 1162 Publ.
603 1140 637 1164 v,
663 1128 743 1163 439.
772 1139 853 1162 cum
880 1126 1049 1160 adnotat:
1078 1126 1271 1171 „vescitur]
1297 1125 1429 1159 utitur:
1468 1123 1584 1157 malus
1612 1134 1631 1155 a
1658 1134 1696 1156 se

139 1179 220 1222 ipso
255 1188 443 1221 nunquam
468 1176 678 1209 desciscere.
714 1175 778 1208 sed
802 1179 842 1208 ut
877 1178 939 1212 est.
975 1174 1026 1207 ita
1052 1184 1200 1207 manere
1234 1183 1377 1217 semper
1410 1171 1553 1205 dicitur.
1593 1169 1696 1203 Nihil

140 1225 305 1269 ampliuS.
333 1224 388 1259 Cf.
414 1222 520 1258 Publ.
547 1222 589 1256 M
615 1223 659 1257 ’26
693 1223 829 1265 (334).“
886 1221 965 1255 Nec
981 1221 1111 1255 melius
1130 1220 1349 1255 sententiam
1367 1220 1417 1253 sic
1434 1219 1696 1262 interpretatus

140 1277 196 1306 est
221 1272 412 1306 Erasmus:
441 1269 619 1311 „Etiamsi
645 1270 748 1304 deest
773 1269 975 1313 praemium
992 1268 1174 1309 maleficii,
1200 1271 1325 1301 tamen
1341 1266 1542 1300 malevolus
1561 1264 1698 1298 fruitur

141 1331 203 1353 sua
234 1319 377 1353 malitia
409 1321 445 1353 et
471 1318 528 1351 vel
565 1318 681 1361 gratis
707 1316 824 1350 malus
850 1319 938 1351 est.'·⁴
979 1315 1034 1349 Cf.
1062 1314 1163 1349 Sent.
1189 1314 1282 1348 falso
1308 1315 1403 1348 inter
1427 1313 1534 1348 Publ.
1560 1316 1695 1355 recept.

139 1379 171 1401 v.
199 1367 279 1402 355.

235 1413 290 1448 30.
328 1412 427 1447 Huic
460 1412 579 1447 versui
615 1411 839 1445 simillimum
871 1411 957 1445 iecit
989 1410 1026 1443 in
1061 1421 1169 1444 scena
1204 1408 1249 1443 D.
1276 1408 1455 1443 Laberius
1489 1407 1553 1441 ille
1588 1417 1697 1450 eques

141 1460 341 1501 Romanus,
375 1464 461 1494 tunc
486 1461 632 1494 mimus:
668 1470 774 1502 quem
801 1459 918 1502 ipsum
944 1458 1040 1492 inter
1064 1456 1218 1491 Publilii
1244 1455 1326 1500 Syri
1359 1455 1556 1489 sententias
1583 1453 1699 1488 refert

140 1507 195 1544 Io.
215 1507 503 1542 Saresberiensis
522 1505 634 1541 VIII.
652 1506 726 1540 14:
754 1505 910 1540 Necesse
930 1509 985 1539 est
1002 1505 1136 1538 multos
1153 1504 1283 1538 timeat
1300 1515 1406 1547 quem
1423 1502 1530 1536 multi
1555 1501 1697 1535 tinient.

141 1555 195 1591 Cf.
230 1554 406 1589 Ribbeck.
440 1554 540 1590 Com.
575 1553 682 1588 Rom.
716 1552 865 1597 Fragm.
900 1551 946 1588 D.
981 1551 1114 1586 Laber.
1155 1563 1199 1586 ex
1232 1552 1359 1586 incert.
1401 1550 1473 1584 fab.
1508 1547 1582 1583 III.
1620 1548 1697 1584 126.

141 1614 175 1647 p.
206 1603 286 1637 297.
314 1601 415 1637 Sent.
442 1602 536 1635 falso
561 1603 659 1635 inter
683 1600 790 1634 Publ.
817 1604 951 1644 recept.
971 1611 1003 1633 v.
1031 1599 1110 1634 205.
1139 1597 1201 1632 Sic
1228 1598 1434 1642 explicatur
1459 1596 1504 1630 ab
1523 1595 1697 1631 Erasmo:

142 1649 282 1693 „Quem
306 1649 438 1683 timent
462 1650 578 1687 multi,
605 1648 701 1682 hunc
725 1647 833 1691 pauci
860 1651 999 1681 amant:
1025 1647 1056 1679 is
1082 1646 1194 1691 igitur
1213 1646 1375 1679 vicissim
1393 1645 1520 1679 timeat
1540 1648 1698 1687 oportet,

143 1709 164 1730 a
196 1696 325 1740 quibus
358 1697 542 1731 timetur.·'‘
594 1695 785 1730 Sententia
819 1706 892 1728 non
924 1705 1029 1731 nova,
1065 1693 1129 1727 sed
1161 1693 1319 1726 multum
1355 1703 1396 1726 ac
1422 1702 1532 1735 saepe
1559 1691 1699 1735 agitata

141 1745 301 1778 maxime
334 1743 480 1778 Decimi
512 1743 662 1778 Laberii
697 1742 889 1776 dicacitate
925 1741 1109 1775 celebrata
1135 1744 1200 1774 est.
1242 1739 1295 1775 Cf.
1323 1738 1446 1773 Solon.
1475 1750 1532 1782 ap.
1558 1738 1697 1772 Anton.

142 1791 282 1827 Meliss.
322 1802 428 1827 serm.
467 1794 547 1836 περὶ
577 1788 748 1833 βασιλέως
790 1788 921 1827 (Orell.
961 1800 1085 1832 opusc.
1113 1787 1242 1822 Graec.
1283 1790 1373 1822 sent.
1399 1785 1429 1820 I.
1460 1786 1537 1826 162,
1568 1785 1640 1830 19.)
1679 1785 1697 1818 ὁ

143 1837 289 1873 πολλοῖς
323 1838 474 1883 φοβερὸς
508 1838 562 1871 (ὂν
595 1836 747 1871 πολλοὺς
773 1835 976 1881 φοβείσθω.
1022 1835 1106 1871 Sen.
1134 1835 1180 1869 (le
1207 1834 1309 1869 clem.
1346 1834 1376 1869 I.
1403 1834 1435 1874 ὃ,
1464 1833 1494 1868 T.
1522 1833 1573 1866 ita
1598 1833 1700 1877 regia

143 1885 341 1920 crudelitas
376 1890 486 1931 auget
517 1886 748 1919 inimicorum
781 1894 973 1917 numerum
1006 1882 1180 1917 tollendo.
1215 1881 1303 1916 ibid.
1329 1881 1360 1916 I.
1398 1881 1451 1921 12.
1479 1881 1511 1916 3.
1539 1880 1634 1914 alter
1659 1884 1700 1914 ut

142 1944 275 1977 magno
305 1933 437 1967 timore
469 1944 603 1978 magna
637 1932 721 1966 odia
755 1935 981 1974 compescat,
1016 1941 1084 1964 nec
1109 1930 1192 1964 illas
1218 1930 1315 1973 ipsas
1340 1939 1480 1969 manus,
1507 1927 1636 1971 quibus
1663 1938 1701 1961 se

143 1980 333 2021 commisit,
372 1991 517 2014 securus
549 1980 715 2024 adspicit.
735 1978 823 2012 ibid.
843 1977 871 2011 1.
893 1978 946 2018 19,
971 1978 1002 2012 5.
1026 1981 1171 2011 tantum
1189 1977 1286 2010 enim
1311 1987 1459 2010 necesse
1486 1982 1543 2009 est
1559 1975 1699 2015 timeat,

144 2031 321 2071 quantum
345 2027 467 2061 timeri
491 2027 618 2062 voluit.
644 2026 732 2061 ibid.
760 2024 789 2059 I.
817 2026 871 2066 25,
899 2025 929 2059 3.
957 2028 1035 2058 tam
1059 2024 1182 2058 multis
1209 2023 1382 2068 periculis
1409 2022 1557 2067 petitur,
1593 2033 1702 2065 quam

145 2075 347 2108 multorum
379 2075 458 2119 ipse
490 2074 693 2118 periculum
726 2076 789 2108 est.
825 2083 880 2116 ep.
914 2071 1066 2107 XVIII.
1099 2072 1120 2106 2
1148 2071 1251 2116 (105)
1276 2071 1309 2105 4.
1345 2070 1447 2104 adice
1472 2081 1578 2111 nunc,
1605 2069 1702 2113 quod

145 2122 207 2166 qui
239 2122 389 2156 timetur
423 2122 539 2155 timet.
574 2119 822 2155 Pseudo-Seu.
851 2119 895 2154 de
919 2130 1010 2154 mor.
1037 2119 1080 2154 61
1108 2117 1211 2163 (Sen.
1237 2117 1383 2163 Fragm.
1410 2116 1466 2152 ed.
1493 2115 1553 2152 Fr.
1571 2116 1701 2150 Haasii

145 2169 217 2204 vol.
251 2167 326 2204 ΙΙΙ.
353 2180 388 2213 p.
414 2169 509 2213 464).
548 2167 632 2204 Sen.
666 2168 799 2211 Agam.
828 2167 883 2202 73.
910 2166 1024 2200 metui
1049 2167 1202 2210 cupiunt
1228 2165 1409 2208 metuique
1434 2164 1576 2198 timent.
1617 2163 1701 2199 Sen.

145 2215 259 2251 Theb.
286 2216 364 2251 653.
391 2226 545 2261 regnare
570 2226 643 2249 non
668 2215 756 2255 wilt,
784 2225 861 2248 esse
887 2214 950 2257 qui
974 2213 1112 2247 invisus
1135 2213 1250 2246 timet.
1292 2211 1376 2246 Sen.
1404 2210 1493 2247 Oed.
1522 2212 1600 2247 705.
1621 2211 1701 2246 706.

146 2262 217 2308 Qui
235 2267 382 2307 sceptra
399 2263 491 2297 duro
509 2274 637 2297 saevus
655 2262 811 2306 imperio
828 2262 933 2304 regit,
960 2260 1069 2294 timet
1085 2261 1276 2294 timentes:
1303 2262 1422 2293 metus
1449 2259 1487 2292 in
1514 2263 1703 2292 auctorem

145 2310 252 2345 redit.
291 2310 375 2344 Sen.
417 2309 498 2346 Oct.
533 2310 612 2345 442.
646 2320 819 2353 magnum
852 2308 996 2342 timoris
1021 2307 1223 2342 remedium
1249 2306 1444 2341 clementia
1471 2309 1536 2341 est.
1577 2305 1701 2349 Quint.

146 2356 216 2393 VI.
245 2359 274 2399 1,
305 2358 357 2392 14.
385 2357 568 2392 erubescis
593 2357 787 2391 Caesarem
812 2356 952 2390 timere.

241 2405 297 2440 31.
324 2403 537 2445 „Summum
562 2405 756 2448 imperium
789 2406 845 2437 est
876 2402 969 2437 bene
1001 2402 1200 2446 imperare3
1237 2401 1276 2435 id
1307 2401 1488 2436 amittitur
1515 2399 1611 2434 male
1636 2400 1702 2433 im—

146 2451 320 2496 perando.
359 2451 444 2486 Sive
477 2451 617 2485 nullum
654 2451 850 2495 imperium
882 2453 958 2484 tam
982 2453 1112 2494 potens
1136 2449 1236 2493 quod
1260 2460 1334 2483 non
1359 2449 1562 2487 amittatur,
1591 2448 1621 2481 si
1646 2452 1702 2490 ty-

146 2499 296 2533 rannice
320 2499 510 2543 imperes.“
554 2498 740 2533 Erasmus.
775 2496 964 2531 Posterior
1001 2496 1257 2541 interpretatio
1295 2507 1381 2530 vera
1419 2499 1485 2531 est.
1525 2494 1580 2529 Cf.
1617 2493 1702 2529 Sen.

147 2545 262 2581 Theb.
289 2546 368 2581 659.
394 2545 521 2580 Invisa
544 2557 731 2590 nunquam
756 2544 911 2588 imperia
935 2544 1141 2578 retinentur
1159 2543 1232 2578 diu.
1253 2543 1335 2578 Sen.
1354 2542 1452 2578 Med.
1473 2543 1551 2578 196.
1570 2541 1703 2585 Iniqua

147 2604 335 2637 nunquam
369 2604 484 2637 regna
507 2598 688 2638 perpetuo
712 2596 872 2627 manent.
912 2590 994 2626 Sen.
1021 2590 1151 2625 Troad.
1179 2590 1258 2626 259.
1296 2590 1473 2624 Violenta
1505 2600 1612 2623 nemo
1638 2589 1703 2622 im-

146 2641 250 2684 peria
276 2640 457 2675 continuit
481 2640 553 2676 diu.

243 2688 299 2723 32.
325 2686 521 2722 Placere
546 2688 568 2723 i.
596 2698 626 2722 e.
652 2686 811 2731 probari,
843 2697 908 2720 nos
935 2685 1107 2721 dicimus:
1143 2684 1456 2730 „wohlgefallen‚“
1493 2682 1645 2717 verbum
1667 2683 1705 2715 in

147 2745 188 2768 re
214 2736 393 2769 amatoria
418 2735 581 2769 solemne
606 2733 655 2769 cf.
682 2733 765 2768 Sen.
792 2733 945 2778 Hippol.
964 2732 1044 2768 682.
1083 2731 1209 2776 Quint.
1235 2731 1325 2767 XII.
1345 2733 1376 2773 9,
1396 2732 1427 2766 6.
1446 2730 1539 2765 illud
1562 2735 1704 2764 certum
