1967 3090
907 120 953 128 --r

760 143 807 147 —
877 121 1076 162 100-

137 244 262 277 regere
291 234 447 267 volueris
482 244 527 267 an
559 244 597 267 re
624 233 815 277 desperata
851 234 1018 268 omittere
1054 239 1205 277 utraque
1240 234 1405 268 condicio
1434 238 1487 268 est
1514 233 1694 268 molestis-

138 282 259 315 sima.“
297 279 462 314 Odium
488 280 532 314 de
559 291 596 314 re
622 281 775 314 molesta
794 285 829 313 et
855 280 1041 314 fastidiosa
1061 282 1131 315 dici
1150 289 1277 315 notum
1296 287 1348 314 est
1377 281 1421 316 cf.
1449 280 1615 315 Schuetz.
1634 281 1694 315 lex

141 327 214 362 Cic.
241 339 274 362 V.
302 327 436 362 odium.
470 327 525 361 Cf.
563 327 672 361 Varr.
698 327 826 372 fragm.
861 339 895 370 p.
933 328 1011 362 344.
1039 339 1094 372 ap.
1124 328 1269 363 Gruter.
1295 332 1368 362 not.
1397 332 1490 372 post.
1518 328 1564 362 ad
1589 327 1694 363 Publ.

141 375 197 409 29.
217 386 250 419 p.
280 375 335 409 62.
362 376 491 408 vitium
510 375 630 408 uxoris
649 374 850 408 tollendum
869 378 921 408 est
941 378 1001 408 aut
1019 374 1223 409 ferendum:
1250 375 1310 417 qui
1328 376 1425 408 tollit
1443 376 1580 416 vitium,
1608 386 1694 408 uxo·

137 433 214 455 rem
240 422 525 456 commodiorem
552 424 733 465 praestat3
761 421 821 464 qui
849 421 928 455 fert.
958 433 1034 456 sese
1060 422 1249 456 meliorem
1275 422 1370 455 facit.

231 469 285 504 23.
314 468 421 502 Hunc
448 480 591 502 versum
616 471 671 502 tot
701 472 896 511 tantaeque
922 469 1051 503 turbae
1078 470 1303 509 invaserunt.
1339 469 1400 502 vix
1433 477 1473 502 ut
1508 469 1615 503 liceat
1643 469 1695 503 di-

136 527 324 561 gnoscere,
351 516 439 559 quid
464 517 572 560 poe'ta
598 515 736 549 dictum
762 515 928 550 voluerit.
972 516 1093 559 Atque
1121 527 1162 550 eo
1190 515 1308 549 audax
1334 516 1427 549 illud
1452 516 1613 550 Bentleii
1640 517 1692 549 in-

138 564 285 606 genium
332 564 530 607 processit,
566 566 603 596 ut
639 561 758 595 verbis
800 563 1033 606 transpositis
1068 563 1292 597 contrarium
1327 568 1434 606 atque
1466 563 1550 596 libri
1583 563 1695 597 tradi-

138 609 280 651 derunt⁷
307 609 557 654 reponendum
583 612 760 643 censeret.
806 608 865 643 Ita
899 610 996 643 enim
1030 621 1086 643 res
1114 621 1151 644 se
1176 609 1297 649 habet.
1336 613 1375 643 ut
1402 610 1579 653 explicuit.
1604 610 1693 644 Rib-

138 656 307 690 beckius.
301 670 308 676 ·
331 658 388 691 ..in
403 662 592 700 utramque
607 659 760 700 partem.
780 657 908 699 inquit,
931 668 1016 691 vera
1039 657 1165 691 haberi
1179 661 1303 701 potest
1317 658 1507 691 sententia.
1523 661 1694 690 010111011-

138 703 285 739 datione
303 684 447 738 11001101
466 715 555 756 opus
574 714 647 736 non
665 704 721 736 sit.
748 703 858 737 immo
876 715 899 747 p
911 704 981 737 erf
987 715 1095 738 eren
1107 704 1152 738 di
1170 704 1271 737 notio
1298 704 1345 738 ad
1371 703 1539 737 facilia
1565 704 1695 738 melius

136 751 247 785 etiam
265 763 372 795 quam
391 751 436 785 ad
463 751 507 785 di
519 750 607 784 ffic
618 750 701 784 ilia
721 751 899 793 quadrare
917 751 1062 784 xidetur
1089 751 1152 789 (cf
1174 751 1290 795 190)ss
1335 750 1441 794 Quod
1459 762 1529 794 quo
1547 751 1623 784 iure
1641 751 1697 784 vir

139 797 371 833 doctissimus
387 798 533 838 dixerit,
551 809 625 831 non
642 798 829 841 intellego,
849 796 944 840 Quid
964 799 1062 832 enim
1080 794 1250 832 differant
1269 798 1393 832 ferre
1419 801 1454 831 et
1480 797 1696 842 perferre

136 846 273 889 optime
296 846 530 886 000110501101
560 856 603 878 ex
625 844 708 880 Sen.
735 844 815 887 Th)
819 849 883 879 est.
909 845 1106 881 31Η’--31Ν1’.
1142 846 1221 889 Quo
1248 845 1327 880 1000
1355 856 1459 879 serxo
1486 845 1695 879 consolante

134 896 277 936 tempus
304 887 486 936 Thyestae
521 891 651 926 fecisse
684 903 873 926 aerumnas
899 892 998 926 leves
1026 893 1164 927 Atreus
1192 893 1374 926 malorum
1400 903 1544 926 sensum
1572 903 1693 925 accre-

137 951 236 973 scere
271 940 328 974 (110
363 940 523 974 obiciens
557 939 637 973 lexe
671 943 736 973 est.
772 939 897 982 inquit.
933 940 1097 973 miserias
1134 940 1240 979 ferre,
1276 939 1441 983 perferre
1475 944 1529 973 est
1565 950 1692 983 graxe.

136 985 234 1020 Hinc
260 986 355 1021 ferre
382 992 534 1031 apparet
559 998 637 1020 esse
662 997 729 1030 per
745 986 856 1020 breve
881 986 978 1020 ferre
997 987 1183 1030 quoddam
1208 987 1388 1031 temporis
1408 987 1578 1030 spatium.
1608 997 1692 1031 per-

136 1033 234 1068 ferre
268 1041 391 1068 autem
423 1045 490 1078 per
522 1034 670 1078 longam
704 1033 862 1076 aliquam
896 1035 1070 1078 temporis
1098 1035 1156 1068 vel
1191 1035 1288 1068 vitae
1321 1034 1620 1067 diuturnitatem:
1657 1033 1695 1067 id

135 1081 233 1124 quod
251 1082 413 1125 quamvis
430 1092 580 1114 numero
600 1081 672 1114 sint
697 1080 865 1124 plurima⁷
892 1092 965 1114 non
992 1082 1087 1115 cadit
1114 1082 1152 1115 in
1170 1082 1302 1121 facilia,
1323 1092 1414 1124 quae
1432 1084 1472 1115 ut
1491 1080 1624 1120 facilia.
1644 1081 1695 1114 ita

136 1127 260 1162 brevia
286 1132 368 1162 sunt
395 1128 441 1162 ad
479 1128 718 1162 tolerandum.
761 1126 837 1161 Nec
871 1127 1000 1162 ferre
1035 1132 1069 1162 et
1102 1128 1332 1173 perferre,
1366 1132 1405 1162 utv
1435 1128 1504 1162 hoc
1539 1127 1697 1162 Senecae

144 1175 238 1210 loco.
273 1176 324 1209 ita
364 1175 461 1219 apud
485 1174 684 1209 Publilium
710 1178 960 1219 opponuntur:
994 1175 1227 1210 difficilia
1261 1175 1485 1209 facilibus
1517 1174 1699 1209 contraria

137 1221 328 1256 habentur.
386 1222 469 1256 Hoc
505 1222 601 1256 enim
641 1224 789 1266 poetam
827 1222 946 1256 dicere
980 1224 1138 1257 voluisse
1174 1223 1353 1263 existimo,
1391 1228 1498 1266 prout
1529 1222 1697 1256 difficilia

136 1269 330 1310 ferrentur,
350 1270 400 1303 sic
426 1270 517 1303 ferri
541 1269 672 1303 facilia.
699 1269 751 1302 ita
777 1272 815 1302 ut
843 1280 912 1312 quo
931 1271 1157 1304 constantius
1183 1270 1247 1304 illa
1273 1270 1466 1311 ferrentur,
1482 1281 1523 1303 eo
1550 1269 1694 1303 facilius

137 1316 234 1351 foret
249 1321 287 1350 ut
302 1317 391 1350 haec
405 1316 595 1351 ferrentur.
615 1316 667 1351 Ut.
684 1327 749 1349 nos
768 1316 972 1351 hortamur:
992 1317 1133 1361 ..Trage
1147 1317 1210 1351 das
1227 1316 1405 1357 Schwere,
1425 1329 1486 1350 um
1495 1328 1533 1350 so
1542 1316 1696 1350 leichter

137 1363 231 1397 wird
256 1364 313 1397 dir
339 1364 404 1397 das
430 1363 604 1397 Leichte“
634 1364 693 1397 vel
718 1367 756 1397 ut
783 1368 839 1397 est-
864 1363 932 1397 hoc
956 1364 995 1397 in
1013 1365 1147 1398 nostris
1167 1364 1385 1408 proverbiis:
1415 1363 1570 1406 „Grosse
1590 1363 1691 1397 Noth

136 1410 233 1445 lehrt
259 1411 379 1445 kleine
404 1414 556 1455 tragen‘·‘
586 1410 633 1444 cf.
660 1409 835 1445 Wander.
863 1410 1067 1445 Deutsches
1094 1410 1467 1455 Sprichworter-Lex.
1503 1415 1591 1446 tom.
1618 1409 1693 1445 1Π.

137 1469 172 1501 p.
201 1458 302 1493 1047.
342 1457 448 1502 Quod
475 1461 710 1502 praeceptum
736 1457 805 1491 etsi
829 1458 945 1499 alteri,
974 1459 1072 1501 quod
1099 1470 1118 1492 a
1144 1458 1299 1493 faciliori
1316 1459 1460 1492 initium
1478 1457 1697 1502 capiendum

136 1508 270 1545 monet,
307 1505 528 1539 contrarium
553 1510 620 1545 est.
653 1508 778 1538 tamen
809 1505 848 1538 in
873 1506 947 1538 vita
974 1505 1164 1539 hominum
1191 1517 1233 1540 eo
1259 1506 1375 1539 maius
1402 1517 1444 1539 ac
1469 1505 1616 1550 gravius
1642 1505 1695 1538 vi-

138 1551 262 1593 detur,
307 1552 404 1595 quod
438 1552 646 1586 difficiliora
686 1552 802 1585 multo
843 1552 984 1586 rariora
1018 1553 1180 1587 incidere
1222 1553 1338 1587 solent
1375 1564 1482 1596 quam
1518 1552 1694 1586 faciliora.

136 1598 453 1643 Quemadmodum
483 1599 547 1633 illa
582 1610 760 1632 summam
795 1599 906 1632 animi
933 1600 1185 1636 constantiam.
1224 1601 1423 1634 maximam
1447 1600 1580 1633 virium
1607 1610 1691 1633 con-

137 1647 339 1680 tentionem
383 1647 688 1689 consiliorumque
721 1646 1023 1680 inveniendorum
1057 1647 1273 1681 facultatem
1311 1648 1510 1690 requirunt,
1560 1647 1612 1680 ita
1651 1657 1695 1680 ne

137 1693 260 1727 facilia
293 1693 437 1736 quidem
461 1694 561 1727 omni
587 1705 673 1727 cura
699 1696 735 1726 et
760 1693 885 1727 labore
911 1698 1051 1728 vacant.
1086 1693 1150 1727 sed
1176 1694 1262 1737 quia
1288 1705 1439 1728 numero
1467 1697 1549 1728 sunt
1575 1694 1693 1738 plura,

137 1740 358 1784 quotidiana,
393 1740 494 1774 nullo
528 1744 693 1784 tempore
725 1740 946 1780 intermissa,
983 1741 1101 1774 idcico
1135 1742 1295 1774 animum
1329 1741 1407 1775 fere
1440 1741 1557 1785 magis
1585 1741 1696 1774 etiam

136 1791 270 1822 vexant
296 1799 337 1821 ac
364 1787 532 1832 fatigant,
560 1798 667 1830 quam
693 1787 869 1823 difficilia.
912 1787 1011 1822 Hinc
1037 1789 1256 1822 sententiam
1282 1800 1350 1834 ego
1376 1788 1428 1822 ita
1453 1788 1693 1832 interpretor:

141 1834 232 1877 „Fer
256 1835 295 1868 id
320 1835 417 1879 quod
443 1835 606 1868 laborem
623 1846 664 1868 ac
682 1834 890 1868 molestiam
908 1834 1032 1869 affert:
1059 1847 1082 1879 q
1084 1835 1156 1869 uod
1175 1836 1205 1869 si
1224 1835 1366 1877 feceris,
1392 1835 1461 1869 hoc
1481 1835 1692 1878 assequeris,

137 1885 178 1915 ut
216 1882 313 1926 quod
338 1882 444 1916 facile
478 1886 533 1916 est
559 1881 605 1916 ad
638 1881 838 1922 ferendum,
872 1893 913 1916 00
947 1848 1090 1916 1001111115
1124 1882 1231 1918 feras.
1278 1882 1330 1917 Ut
1359 1863 1419 1917 ⁷Ti.
1459 1881 1695 1926 Sempronius

139 1930 237 1973 apud
269 1928 347 1963 Liv.
385 1930 440 1971 23
473 1930 529 1964 25.
561 1929 700 1962 minore
735 1908 856 1972 011000
887 1930 1056 1963 nuntiata
1088 1929 1191 1964 clade
1229 1934 1354 1974 patres
1390 1929 1617 1970 adhortatur,
1651 1940 1696 1962 ne

135 1976 199 2019 qui
234 1975 418 2010 Cannensi
451 1977 577 2010 ruinae
607 1987 682 2009 non
716 1976 984 2015 succubuerint
1019 1977 1067 2010 ad
1090 1977 1258 2011 minores
1293 1977 1522 2011 calamitates
1557 1977 1695 2010 animos

138 2022 365 2058 submittant.
392 2023 446 2058 Cf.
473 2022 556 2057 Sen
584 2034 638 2067 ep.
666 2022 751 2058 XX.
779 2023 799 2057 6
826 2023 929 2067 (123)
954 2024 986 2057 t.
1013 2035 1156 2058 mecum
1182 2024 1278 2058 0111111
1303 2024 1347 2058 (10
1364 2024 1433 2058 1100
1459 2025 1539 2068 ipso
1557 2023 1695 2076 loquor.

138 2081 247 2113 quam
272 2070 363 2104 nihil
389 2072 436 2104 sit.
460 2082 550 2115 gran
552 2081 581 2110 e,
609 2070 706 2112 quod
730 2063 862 2104 leviter
887 2070 1056 2114 excipias.
1084 2082 1193 2114 quam
1217 2071 1487 2116 indignandum
1521 2070 1630 2109 nihil.
1665 2070 1696 2103 si

136 2117 229 2151 nihil
252 2118 330 2161 ipse
356 2117 581 2162 indignando
608 2117 788 2151 adstruas.
837 2117 969 2151 Restat
994 2121 1035 2151 ut
1062 2118 1106 2152 de
1132 2118 1352 2158 coniectura,
1389 2130 1496 2162 quam
1521 2118 1695 2162 proposui

141 2175 257 2209 pauca
283 2164 426 2200 addam.
468 2164 630 2198 Facile
657 2164 755 2208 quod
778 2164 914 2197 inserui
931 2170 1015 2208 post>
1040 2164 1261 2205 difficile.
1287 2165 1412 2199 multis
1439 2166 1520 2199 aliis
1545 2164 1698 2199 Publilii

137 2211 301 2246 versibus
328 2212 502 2246 accidisse
529 2211 786 2251 demonstravi,
814 2214 855 2244 ut
879 2211 1031 2246 verbum
1056 2215 1119 2245 aut
1143 2211 1241 2246 idem
1260 2216 1323 2247 aut
1341 2212 1467 2246 similis
1487 2212 1693 2256 scripturae

136 2259 288 2302 sonique
319 2259 358 2292 in
390 2259 493 2292 libris
526 2258 772 2293 intercideret.
823 2257 878 2293 Cf.
911 2257 1018 2294 Publ.
1052 2259 1089 2293 A
1114 2259 1169 2294 40.
1196 2259 1227 2292 Β
1255 2260 1299 2295 30
1324 2260 1415 2305 (73).
1452 2259 1479 2293 C
1504 2259 1549 2294 43
1576 2259 1694 2304 (658).

136 2305 158 2339 Ι
184 2307 228 2341 15
253 2306 367 2351 (244).
394 2305 414 2339 Ι
438 2308 480 2341 16
505 2306 617 2351 (245).
643 2305 663 2339 1
689 2306 732 2340 61
757 2305 871 2349 (291).
911 2305 943 2339 L
972 2306 1014 2340 14
1040 2306 1155 2351 (305).
1182 2305 1217 2340 N
1244 2308 1287 2341 10
1312 2300 1424 2351 (386).
1453 2305 1482 2340 O
1511 2307 1565 2342 15.
1593 2305 1623 2340 P
1649 2300 1694 2340 31)

141 2352 255 2396 (479).
290 2352 321 2386 Ρ
345 2353 390 2388 46
423 2353 537 2398 (495).
573 2352 606 2396 Q
639 2353 683 2388 32
709 2353 820 2396 (532).
863 2351 897 2386 R
930 2353 972 2388 16
1008 2353 1124 2398 (675).
1157 2352 1183 2387 S
1215 2353 1260 2388 20
1293 2353 1406 2398 (603).
1440 2353 1466 2388 S
1499 2353 1544 2388 23
1579 2353 1694 2398 (606)

138 2398 173 2433 V
198 2400 219 2434 7
252 2400 366 2444 (635).
397 2399 489 2434 Vide
513 2399 637 2448 praef.
653 2411 689 2443 p.
717 2399 771 2434 18.

232 2447 288 2481 24.
318 2446 488 2489 „Vitrum
521 2458 602 2480 cum
626 2444 784 2480 maxime
810 2446 921 2488 lucet,
956 2450 1035 2480 tum
1059 2446 1232 2481 facillime
1259 2447 1452 2491 frangitur,
1490 2447 1543 2481 ita
1569 2447 1689 2491 splen-

139 2493 328 2528 didissima
361 2493 506 2528 fortuna
539 2495 688 2528 minime
722 2493 899 2527 durabilis
930 2496 1005 2527 est“
1040 2493 1225 2530 Erasmus.
1261 2494 1449 2530 Cf.Pub1.
1477 2494 1507 2528 F
1536 2495 1554 2528 1
1583 2494 1641 2538 (1ae
1646 2495 1693 2538 1)

140 2538 223 2576 Sen.
250 2541 297 2575 ad
321 2540 432 2576 Marc.
461 2541 506 2575 de
531 2541 666 2575 consol.
693 2539 821 2575 XXII.
850 2542 879 2576 1.
905 2540 1052 2575 Labant
1077 2541 1234 2576 humana
1259 2553 1302 2576 00
1326 2541 1444 2575 fluunt
1469 2552 1587 2585 neque
1612 2541 1692 2574 ulla

139 2598 224 2631 pars
242 2588 339 2622 vitae
357 2593 502 2622 nostrae
519 2592 595 2622 tam
610 2587 767 2622 obnoxia
792 2590 855 2621 aut
880 2591 1006 2622 tenera
1031 2592 1098 2630 est,
1125 2600 1234 2632 quam
1259 2599 1350 2632 quae
1376 2589 1533 2622 maxime
1559 2587 1691 2632 placet,

141 2634 297 2678 ideoque
322 2634 540 2669 felicissimis
568 2635 727 2679 optanda
751 2646 849 2668 mors
874 2638 938 2675 est,
967 2635 1051 2679 quia
1074 2635 1112 2669 in
1130 2639 1234 2670 tanta
1251 2636 1496 2670 inconstantia
1514 2635 1695 2678 turbaque

139 2691 263 2715 rerum
287 2681 379 2715 nihil
414 2683 486 2716 nisi
522 2682 619 2726 quod
651 2681 844 2726 praeteriit
877 2686 1019 2716 certum
1052 2685 1107 2717 est
1137 2694 1193 2727 ep.
1220 2682 1269 2717 X.
1296 2683 1316 2717 2
1342 2683 1421 2727 (78)
1446 2683 1502 2717 29.
1528 2680 1634 2715 XIV.
1673 2682 1693 2716 3
1726 2686 1729 2687 ⁷

140 2727 221 2773 (91)
247 2729 269 2763 4
296 2727 393 2772 Quid
427 2729 523 2763 enim
547 2733 612 2769 est,
648 2728 745 2772 quod
769 2740 842 2762 non
875 2728 1038 2770 fortuna,
1074 2741 1159 2763 cum
1195 2730 1322 2771 voluit,
1358 2741 1402 2764 ex
1434 2728 1694 2763 florentissimo
