1967 3090
754 201 803 206 —-
872 178 954 220 137
1019 202 1067 207 —

133 292 262 325 simum
302 292 443 327 vocales
477 293 487 326 i
519 296 553 326 et
589 304 622 326 u.
663 303 753 336 quae
792 293 1088 336 pronuntiatione
1127 296 1300 337 tanquam
1339 305 1406 338 per
1443 294 1690 339 synaloephen

133 338 363 373 delitescunt.
415 339 468 373 Cf.
498 340 543 373 ad
570 338 675 374 Publ.
702 339 732 373 B
759 340 802 375 29
829 340 915 384 (72).
967 340 1079 384 Apud
1105 339 1314 374 Phaedrum
1341 341 1487 385 quidem
1514 342 1601 376 haec
1628 354 1688 375 vo-

133 385 271 426 cabula,
305 386 435 430 quibus
470 393 687 431 anapaestus
722 387 881 420 inclusus
916 391 980 421 est.
1020 387 1058 420 111
1091 388 1248 421 secunda
1282 389 1413 422 senarii
1448 389 1532 423 sede
1565 389 1686 433 posita

131 433 381 467 inveniuntur:
408 433 438 468 I.
467 435 496 468 ἶ).
529 435 580 469 10.
607 433 798 469 afficietur.
825 433 928 475 11.4‚
949 434 979 468 9.
1007 434 1231 469 insidiosum.
1258 434 1308 470 II.
1336 436 1366 475 5,
1391 437 1418 470 1.
1445 436 1686 470 ardelionum.

131 479 182 515 II.
209 480 241 515 8.
272 482 300 515 l.
327 482 542 515 nemorosis
577 480 650 516 III.
682 480 732 521 19.
761 481 791 514 5.
827 481 1038 516 circueunti.
1064 481 1133 516 IV.
1161 482 1192 521 2,
1222 482 1252 516 7.
1287 482 1472 518 interiora.
1500 483 1568 519 IV.
1596 484 1626 523 5,
1655 484 1687 519 8.

131 527 356 563 condicione.
384 527 452 563 IV.
483 530 534 564 16.
566 530 617 562 lo,
645 528 729 571 quia
754 528 879 562 vitam.
906 527 952 563 V.
981 529 1011 569 7,
1033 529 1085 563 17.
1112 529 1323 573 incipiebat.
1374 529 1544 574 Populi
1568 531 1690 565 bona

133 585 206 608 non
231 575 487 618 possessiones.
524 576 646 619 quales
679 575 759 620 agri
795 579 879 609 sunt
911 576 970 609 vel
1000 577 1185 619 pecuniae,
1221 576 1284 610 sed
1317 576 1483 611 voluntas
1517 585 1551 612 et
1589 577 1692 612 favor

132 621 378 667 intellegenda
406 627 499 663 sunt,
518 622 646 666 quibus
666 623 921 666 superantibus
947 623 1102 667 populus
1121 634 1185 656 sua
1202 623 1378 657 beneficia
1404 624 1569 659 conferre
1588 625 1690 661 solet.

133 668 188 704 Cf.
216 667 339 712 Quint.
368 668 434 705 VI.
464 671 493 703 1.
521 670 576 704 5'2.
604 680 688 703 nam
723 680 765 703 ex
800 669 866 709 his,
903 670 931 704 si
964 669 1055 704 bene
1088 670 1244 704 diximus
1279 671 1428 713 reliqua.
1464 672 1690 715 possidemus

135 716 206 750 iam
231 716 392 750 iudicum
418 717 524 751 bona.
551 715 661 750 VIII.
688 717 720 757 3,
748 717 804 752 89.
831 717 917 761 quid
943 716 1065 759 facies.
1099 729 1182 752 cum
1215 718 1253 751 in
1284 717 1380 751 bona
1413 723 1475 752 tua
1501 719 1691 754 invasere?

130 763 200 798 hoc
229 767 294 803 est,
322 764 351 797 si
377 767 413 798 te
439 764 596 798 docuero
622 764 762 798 nescire
788 763 1033 798 maledicere?
1083 764 1184 800 Caes.
1211 764 1282 798 BC.
1310 764 1340 800 I.
1369 765 1399 799 9.
1427 765 1499 799 Cic.
1520 766 1597 801 Cat.
1616 766 1690 802 III.

135 812 185 852 11,
215 811 270 846 26.
297 810 366 844 IV.
396 812 448 852 11,
477 812 530 846 23.
566 810 664 845 Hinc
698 811 787 846 haec
822 823 946 845 versus
982 812 1162 845 sententia
1196 819 1267 846 est:
1307 812 1375 846 Cui
1408 813 1563 857 populus
1599 813 1691 847 bene

130 858 300 901 loquitur,
343 858 426 892 huic
465 858 558 892 bene
600 858 719 892 facere
759 859 957 893 consuevit.
986 858 1039 893 Cf.
1068 859 1149 894 Ter.
1176 860 1249 894 Ad.
1276 859 1322 894 V.
1350 860 1382 901 4,
1414 862 1466 895 11.
1495 861 1562 895 sibi
1587 862 1690 901 vixit,

130 905 199 939 sibi
225 908 409 949 sumptum
434 905 534 939 fecit:
563 916 686 939 omnes
711 905 941 944 benedicunt,
969 910 1103 941 amant.

222 952 277 987 28.
304 951 344 986 Si
377 952 434 986 cui
472 964 578 997 saepe
620 952 727 986 irasci
758 953 950 988 molestum
985 954 1043 989 sit.
1076 954 1115 987 id
1149 964 1225 997 age.
1259 958 1298 988 ut
1334 955 1456 996 semel,
1493 955 1556 989 sed
1595 956 1691 989 iusta

129 1010 236 1034 causa
269 1003 306 1033 et
339 1003 547 1044 opportuno
583 1007 747 1044 tempore
780 1001 930 1044 locoque
963 1001 1078 1035 iratus
1117 1001 1208 1035 abeo
1242 1012 1378 1045 poenas
1417 1007 1573 1047 repetas,
1634 1002 1690 1037 De

131 1047 310 1081 sententia
335 1047 381 1081 cf.
407 1046 514 1082 Publ.
540 1046 570 1081 P
599 1048 653 1082 53.

225 1094 282 1129 29.
308 1093 394 1128 Iure
420 1094 539 1128 durus.
569 1105 685 1138 asper,
712 1094 949 1128 humanitatis
977 1106 1106 1139 expers
1132 1094 1296 1130 habetur.
1325 1096 1387 1139 qui
1411 1097 1535 1131 miseri
1562 1102 1692 1141 questu

136 1152 209 1175 non
235 1145 411 1181 movetur.
443 1142 506 1176 sed
533 1141 746 1177 delectatur.
799 1141 851 1176 Cf.
879 1142 985 1177 Ovid.
1011 1141 1098 1178 Met.
1125 1141 1193 1176 VI.
1229 1143 1307 1178 230.
1334 1142 1455 1179 Ouint.
1483 1143 1550 1178 VI.
1580 1146 1609 1185 1.
1635 1145 1691 1179 44.

224 1189 285 1223 30.
311 1188 427 1222 Aliud
452 1190 509 1223 vel
536 1189 624 1223 alias
650 1200 707 1223 res
734 1200 842 1233 agere
869 1189 1049 1234 significat
1075 1190 1235 1223 animum
1253 1190 1298 1224 ab
1325 1191 1379 1230 iis,
1407 1203 1497 1235 quae
1523 1195 1690 1236 aguntur.

130 1235 267 1270 habere
294 1247 471 1271 aversum.
523 1235 575 1270 Cf.
603 1235 686 1271 Sen.
715 1236 886 1270 Controv.
916 1236 1030 1280 praef.
1057 1236 1088 1271 I.
1115 1237 1171 1271 ed.
1198 1236 1279 1281 Bip.
1307 1250 1341 1282 p.
1369 1238 1424 1273 60.
1451 1250 1568 1283 saepe,
1596 1240 1691 1283 quod

133 1283 322 1327 quaerenti
356 1294 430 1316 non
464 1284 677 1327 comparuit.
711 1283 810 1317 aliud
843 1285 966 1328 agenti
999 1288 1146 1328 praesto
1180 1291 1245 1318 est.
1282 1284 1365 1321 Sen.
1402 1286 1447 1320 ad
1480 1285 1610 1330 Polyb.
1646 1287 1691 1321 de

133 1330 269 1365 consol.
295 1330 364 1365 XI.
393 1332 446 1371 11,
474 1332 505 1365 1.
533 1342 588 1375 ep.
616 1330 646 1365 Ι.
676 1332 705 1371 1.
736 1332 764 1365 1.
791 1330 876 1366 XV.
904 1332 924 1366 3
952 1330 1032 1376 (5:⁸5)
1060 1332 1115 1366 69.
1151 1330 1273 1374 Quint.
1300 1331 1329 1366 Ι.
1361 1335 1389 1373 1,
1417 1333 1473 1368 35.
1500 1332 1546 1369 X.
1575 1334 1607 1375 3,
1635 1335 1689 1369 25.

128 1376 396 1412 Demosthenes
422 1378 562 1418 melius.
599 1378 660 1421 qui
687 1389 724 1412 se
750 1379 787 1411 in
811 1378 941 1419 locum,
977 1389 1021 1412 ex
1047 1390 1116 1422 quo
1146 1378 1247 1412 nulla
1273 1380 1436 1414 exaudiri
1469 1392 1541 1414 vox
1577 1385 1612 1415 et
1648 1392 1691 1415 ex

128 1436 198 1468 quo
224 1425 317 1458 nihil
342 1426 503 1469 prospici
532 1431 668 1469 posset,
702 1425 937 1466 recondebat.
972 1437 1017 1459 ne
1053 1425 1153 1459 aliud
1178 1437 1287 1471 agere
1320 1432 1481 1461 mentem
1517 1433 1692 1473 cogerent

127 1472 233 1506 oculi.
284 1471 475 1506 Sententia
501 1472 607 1506 docet
635 1472 794 1506 animum
812 1472 928 1513 abiis,
956 1484 1047 1516 quae
1065 1476 1232 1517 aguntur,
1260 1473 1368 1507 rebus
1388 1472 1555 1509 aversum
1583 1480 1691 1520 atque

127 1519 207 1553 aliis
233 1519 414 1553 intentum
440 1520 551 1553 etiam
577 1519 764 1553 oculorum
790 1520 905 1554 aciem
934 1519 1140 1555 retundere.
1191 1519 1246 1556 Cf.
1267 1520 1340 1555 Cic.
1361 1521 1464 1556 Tusc.
1492 1522 1521 1557 I.
1550 1523 1604 1563 20,
1633 1524 1688 1559 46.

127 1567 206 1600 viae
240 1567 341 1609 quasi
376 1566 556 1610 quaedam
589 1570 673 1601 sunt
706 1566 751 1600 ad
785 1567 927 1608 oculos.
960 1567 1007 1601 ad
1038 1568 1154 1608 auris.
1191 1568 1238 1601 ad
1271 1569 1369 1603 naris
1405 1581 1424 1602 a
1460 1570 1543 1604 sede
1579 1570 1691 1604 animi

127 1613 347 1658 perforatae.

223 1661 277 1696 31.
305 1660 416 1694 Nullo
449 1672 523 1694 non
556 1666 723 1705 tempore
757 1661 944 1696 securitati
976 1663 1275 1707 prospiciendum
1309 1668 1374 1697 est.
1427 1663 1482 1699 Cf.
1514 1663 1619 1698 Publ.
1652 1664 1691 1698 M

129 1709 171 1742 51
201 1708 314 1753 (359).

226 1755 282 1790 32.
308 1755 449 1789 Amans
477 1756 527 1789 sic
552 1759 674 1789 mente
701 1758 827 1799 captus
854 1756 1009 1790 videtur.
1036 1759 1077 1790 ut
1104 1757 1134 1790 si
1160 1757 1207 1791 ad
1235 1769 1359 1791 sanam
1385 1762 1545 1792 mentem
1571 1759 1691 1793 redire

127 1802 227 1843 velit,
255 1814 387 1837 exuere
413 1802 544 1837 debeat
571 1814 742 1838 amorem.
792 1802 891 1837 Hinc
918 1804 1016 1848 apud
1042 1803 1147 1837 Ow'd.
1166 1805 1250 1840 Am.
1270 1804 1300 1838 I.
1327 1806 1358 1845 2,
1386 1806 1441 1840 31.
1469 1805 1564 1839 bona
1590 1818 1691 1841 mens

127 1850 208 1893 ipsa
240 1850 277 1883 in
310 1849 460 1883 Amoris
492 1850 680 1894 triumpho
713 1850 879 1884 manibus
914 1851 1060 1885 ducitur
1094 1855 1178 1895 post
1212 1859 1357 1896 tergum
1391 1853 1576 1889 revinctis.
1635 1853 1690 1888 Cf.

127 1896 233 1932 Publ.
259 1897 306 1930 A.
335 1898 389 1932 15.
417 1898 472 1932 22.

222 1944 277 1979 33.
305 1943 422 1978 Tanta
455 1944 629 1978 facinoris
668 1944 890 1978 conscientia
923 1950 988 1985 est,
1022 1949 1061 1979 ut
1095 1947 1258 1989 quamvis
1289 1947 1382 1981 nihil
1418 1959 1462 1981 ex
1494 1959 1536 1982 eo
1562 1952 1687 1989 restet,

128 1991 225 2035 quod
251 1992 448 2026 curationis
481 1991 657 2036 indigeat,
684 1996 808 2025 tamen
833 1992 912 2036 ipsa
929 1992 1099 2027 maleficii
1116 1994 1290 2037 cogitatio
1309 1995 1411 2038 quasi
1431 1995 1691 2039 sempiternum

127 2038 307 2081 quendam
340 2039 499 2073 vulneris
535 2039 685 2073 alicuius
717 2050 862 2073 sensum
896 2040 1016 2073 animo
1050 2041 1185 2076 iniciat.
1243 2041 1295 2077 Cf.
1334 2040 1435 2076 Sent.
1469 2042 1560 2077 falso
1595 2043 1692 2077 inter

126 2085 233 2120 Publ.
268 2092 404 2130 recept.
441 2086 506 2121 187
541 2086 658 2130 (116).
692 2085 789 2121 Plut.
817 2086 862 2120 de
887 2090 1007 2130 tranq.
1044 2087 1098 2123 19.
1134 2086 1152 2130 ἦ
1181 2088 1316 2124 σύνεσις
1343 2116 1350 2123 .
1378 2117 1385 2124 .
1415 2117 1421 2122 .
1449 2118 1456 2125 .
1484 2089 1560 2122 οἷον
1593 2089 1691 2124 ἕλκος

129 2133 168 2165 ἐν
193 2135 294 2177 σαρκὶ
321 2133 363 2175 ’ῑῇ
382 2134 474 2177 ψυχῇ
491 2132 558 2175 τὴν
576 2132 812 2175 μεταμέλειαν
830 2135 1072 2176 αἱμάσσουσαν
1088 2133 1143 2167 ἀεὶ
1161 2138 1219 2168 καὶ
1236 2137 1434 2169 νύσσοιυαν
1452 2135 1689 2172 ἐναπολείπει.

127 2179 310 2215 Ribbeck.
337 2179 471 2214 Coroll.
498 2192 533 2224 p.
561 2179 720 2214 XCVII.

223 2227 278 2262 34.
307 2226 428 2261 Cuivis
456 2249 498 2253 —
526 2228 693 2271 cuiquam
721 2227 804 2263 Sen.
831 2228 876 2262 de
906 2232 1024 2272 tranq.
1052 2229 1160 2264 anim.
1178 2229 1247 2265 XI.
1274 2230 1306 2265 8.
1332 2230 1513 2265 Publilius
1538 2231 1688 2276 tragicis

131 2275 350 2318 comicisque
375 2274 626 2309 vehementior
656 2275 822 2319 ingeniis,
858 2276 1024 2319 quotiens
1058 2277 1222 2310 mimicas
1255 2277 1411 2322 ineptias
1437 2281 1475 2312 et
1505 2278 1617 2312 verba
1643 2279 1690 2313 ad

129 2333 308 2355 summam
326 2332 475 2356 caveam
493 2322 697 2366 spectantia
723 2322 881 2366 reliquit,
907 2323 1004 2358 inter
1021 2323 1136 2357 multa
1154 2323 1225 2358 alia
1242 2325 1432 2366 cothurno.
1458 2336 1532 2359 non
1549 2329 1690 2360 tantum

127 2369 263 2412 sipario
284 2369 438 2402 fortiora
459 2373 493 2403 et
512 2369 581 2403 hoc
600 2370 669 2405 ait:
695 2370 850 2403 cuivis
876 2381 910 2414 p.
939 2381 968 2405 a.
988 2382 1021 2414 q.
1040 2371 1253 2414 cuiquam
1278 2384 1313 2416 p.
1328 2371 1434 2406 Idem
1450 2373 1496 2406 ad
1512 2372 1624 2407 Marc.
1646 2373 1690 2407 de

130 2415 265 2451 consol.
291 2415 360 2451 IX.
389 2417 420 2451 5.
471 2415 675 2460 Quicquam
700 2423 740 2450 tu
765 2420 872 2462 putas
904 2429 978 2451 non
1002 2418 1176 2459 futurum,
1213 2419 1310 2462 quod
1334 2419 1459 2453 multis
1487 2420 1555 2454 scis
1581 2431 1687 2463 posse

128 2462 219 2503 fieri,
247 2463 343 2506 quod
369 2463 493 2497 multis
519 2464 620 2498 vides
647 2464 836 2498 evenisse?
883 2464 1083 2510 Egregium
1108 2477 1256 2500 versum
1290 2470 1327 2500 et
1352 2466 1504 2510 dignum
1529 2467 1589 2510 qui
1614 2478 1688 2501 non

129 2520 147 2544 e
173 2510 318 2554 pulpito
335 2511 404 2553 (sic
422 2510 560 2554 Haupt.
578 2512 617 2545 in
633 2511 707 2545 ind.
728 2511 839 2546 schol.
857 2511 1019 2547 Berolin.
1039 2516 1126 2547 aest.
1148 2513 1249 2548 1866.
1274 2525 1309 2558 p.
1330 2515 1360 2549 5.
1380 2513 1558 2548 librorum
1576 2515 1690 2558 scrip-

127 2560 248 2591 turam
273 2558 448 2601 populo
473 2558 697 2602 emendavit)
715 2559 844 2593 exiret:
871 2559 1026 2594 cuivis
1052 2571 1086 2604 p.
1107 2571 1138 2594 a.
1153 2571 1184 2603 q.
1213 2561 1427 2604 cuiquam
1452 2573 1487 2605 p.
1507 2562 1688 2595 cunctis

133 2625 176 2628 —
203 2605 416 2648 cuiquam
442 2604 560 2647 FVH,
586 2606 684 2649 quod
709 2605 854 2640 dubitat
882 2605 1117 2641 Woelfflinus
1145 2619 1191 2640 an
1215 2608 1448 2642 retinendum
1474 2608 1530 2648 sit,
1557 2609 1692 2652 impro-

128 2651 240 2685 bant-e
256 2651 472 2686 Ribbeckio.
503 2652 746 2696 Opponuntur
762 2654 977 2697 pronomina
995 2654 1141 2688 cuivis
1160 2659 1194 2688 et
1222 2655 1447 2698 cuiquam:
1466 2655 1529 2690 ille
1548 2667 1692 2699 semper

135 2700 173 2731 et
197 2697 331 2742 ubique
356 2705 421 2738 est.
448 2699 508 2734 hic
525 2711 597 2733 non
615 2703 678 2739 est,
707 2700 770 2734 sed
788 2711 866 2734 esse
883 2703 1015 2744 potest.
1065 2700 1119 2735 Cf.
1138 2701 1283 2746 Zumpt.
1303 2702 1427 2737 Gram.
1446 2702 1508 2738 lat..
1528 2703 1560 2748 §-
1580 2702 1688 2737 7091).

127 2743 259 2788 Itaque
284 2745 352 2779 hoc
379 2746 467 2780 dicit
493 2749 603 2790 poe'ta
636 2747 728 2780 nihil
761 2758 848 2787 esse,
883 2747 979 2791 quod
1013 2759 1095 2782 cum
1129 2749 1192 2782 uni
1226 2749 1410 2789 acciderit.
1447 2749 1597 2793 singulis
1631 2760 1689 2783 ac-

128 2791 249 2826 cidere
274 2803 348 2826 non
373 2794 501 2837 possit.
550 2793 669 2827 Nemo
695 2794 883 2828 hominum
912 2794 1136 2829 infirmitatis
1155 2796 1298 2830 casibus
1316 2808 1390 2830 non
1408 2801 1463 2830 est
1489 2796 1687 2830 obnoxius:
