1967 3090
516 779 1382 858 ADNOTATIONES

339 927 418 991 IN
473 925 790 990 CAECILII
841 927 1060 990 BALBI
1107 925 1579 991 SENTENTIAS.

272 1156 299 1188 1.
327 1153 387 1187 Ab
415 1153 485 1186 alio
513 1156 695 1196 exspecta,
724 1152 830 1187 alteri
856 1153 954 1196 quod
980 1152 1121 1188 feceris.

267 1213 302 1245 p.
328 1201 385 1235 20.
412 1200 512 1234 Mon.
547 1199 577 1235 Ι.
605 1200 661 1235 29.
696 1199 750 1233 Cf.
778 1199 885 1235 Publ.
914 1199 994 1243 Syr.
1021 1200 1056 1233 A
1082 1200 1114 1235 2.
1141 1198 1299 1233 Versum
1326 1199 1454 1233 eodem
1480 1199 1588 1233 modo
1616 1199 1728 1243 scrip-

175 1251 254 1282 tum
288 1252 394 1291 atque
428 1246 571 1281 Socrati
611 1247 792 1280 tributum
826 1247 940 1281 tradit
969 1246 1026 1281 W.
1053 1246 1220 1281 Burleius
1255 1246 1291 1279 in
1326 1257 1367 1280 eo
1404 1245 1515 1287 libro,
1549 1257 1655 1289 quem
1687 1245 1732 1279 de

175 1296 251 1329 vita
290 1298 324 1329 et
365 1294 526 1328 moribus
565 1293 868 1337 philosophorum
908 1294 1064 1337 scripsit.
1129 1293 1183 1327 Of.
1212 1292 1329 1327 Maur.
1359 1292 1497 1337 Haupt.
1533 1292 1628 1328 Phil.
1657 1291 1730 1326 [II.

174 1354 210 1386 p.
237 1342 316 1377 378.
344 1353 376 1377 v,
405 1343 460 1376 51.
500 1340 606 1376 Vino.
634 1341 773 1375 Bellov,
802 1352 854 1384 sp.
881 1340 914 1376 d.
942 1342 974 1381 4,
1005 1341 1081 1375 132.
1109 1341 1163 1375 ΘΤ.

270 1390 303 1423 2.
338 1388 553 1423 Theocritus
580 1388 791 1432 obiurgatus
830 1400 849 1422 a
884 1387 1118 1431 quibusdam.
1154 1387 1253 1431 quod
1286 1388 1443 1421 multum
1475 1398 1557 1421 cum
1591 1387 1728 1420 luxuri-

175 1436 247 1470 osis
286 1439 510 1475 moraretur,
557 1434 765 1479 respondit,
806 1436 923 1479 aegris
961 1435 1146 1469 medicum
1183 1435 1300 1478 magis
1339 1434 1584 1468 necessarium
1622 1445 1731 1476 quam

174 1495 273 1517 sams
301 1493 389 1518 esse.

269 1542 304 1574 p.
331 1530 386 1565 23.
413 1528 512 1564 Mon.
531 1528 621 1563 XII.
649 1530 679 1564 5.
722 1528 898 1573 Intelligo
925 1528 1162 1563 Theocritum
1181 1528 1321 1563 Chium.
1349 1527 1474 1563 Simile
1493 1527 1730 1562 Antisthenis

172 1577 314 1612 dictum
348 1588 403 1620 ap.
431 1576 538 1621 Diog.
565 1575 686 1610 Laert.
715 1575 782 1609 VI.
814 1578 841 1610 1.
873 1576 948 1611 16.“
990 1575 1194 1610 &Voelfflin
1231 1575 1286 1611 Cf.
1322 1575 1386 1609 Ev.
1414 1574 1544 1610 Matth.
1572 1573 1640 1610 IX.
1671 1576 1728 1609 12.

175 1623 221 1657 01³v
248 1627 370 1669 χρείαν
395 1624 531 1663 'elmon‘
556 1626 589 1656 οἱ
617 1624 794 1663 ἰσχύοντες
820 1624 952 1667 ἰατροῧ.
981 1621 1056 1655 dij?
1085 1625 1117 1656 οἱ
1145 1623 1261 1658 κακῶς
1286 1623 1433 1663 ἔχοντες.

270 1673 302 1706 3.
329 1669 368 1704 Si
394 1671 511 1704 aliena
537 1674 675 1704 temere
700 1671 898 1713 protuleris
916 1671 1015 1704 vitia.
1043 1674 1105 1704 tua
1131 1670 1387 1714 intempestive
1414 1669 1537 1703 audies
1565 1669 1728 1704 crimina.

268 1730 302 1762 p.
328 1718 384 1753 34.
423 1717 523 1753 Mon.
550 1716 734 1752 XLVIII.
761 1718 793 1753 4.
821 1717 879 1752 Ri.
906 1717 1113 1762 (Append.)
1141 1718 1223 1752 268:
1251 1717 1387 1751 Aliena
1406 1727 1559 1750 narrans
1577 1717 1731 1751 crimina

174 1765 317 1800 audibit
342 1776 416 1800 sua.

269 1813 301 1847 4.
328 1813 410 1855 Age
436 1812 487 1846 sic
514 1812 684 1851 alienum,
718 1815 758 1845 ut
784 1814 886 1846 tuum
912 1822 985 1845 non
1011 1811 1239 1845 obliviscaris
1266 1812 1463 1855 negotium.

267 1871 303 1903 p.
329 1859 385 1893 41.
411 1858 496 1894 Par.
522 1860 578 1894 45.
606 1858 653 1893 V.
680 1858 723 1892 B.
751 1870 805 1902 sp.
832 1858 866 1894 h.
893 1859 924 1898 3.
954 1859 1009 1894 58.
1037 1870 1089 1902 sp.
1118 1859 1151 1892 d.
1181 1860 1212 1897 5,
1243 1860 1274 1893 1.
1301 1858 1360 1893 W.
1388 1858 1430 1892 Β.
1458 1857 1557 1893 Socr.

267 1908 300 1942 ἵ).
326 1905 598 1950 Theophrastus
626 1906 736 1940 dixit:
776 1905 962 1949 Expedit-e
996 1906 1068 1939 iam
1094 1905 1269 1950 probatos
1295 1906 1431 1940 amicos
1459 1906 1583 1946 amari,
1621 1916 1730 1949 quam

174 1956 315 1987 amatos
342 1953 500 1997 probari.

267 2012 302 2044 p.
329 2001 384 2035 25.
419 2000 516 2036 Mon.
544 1999 628 2035 XV.
657 2000 688 2035 Τ.
716 2011 750 2043 P.
778 2000 835 2035 4⁴1».
862 1998 945 2035 Par.
973 2000 1027 2034 26.
1071 1999 1138 2042 „V.
1166 1999 1207 2034 B.
1235 2010 1288 2043 sp.
1316 1999 1350 2032 h.
1380 2000 1410 2038 5.
1439 1999 1471 2033 2.
1491 2010 1543 2043 sp.
1564 1999 1598 2034 d.
1619 1999 1649 2039 6.
1672 1999 1725 2033 14.

173 2046 234 2083 W.
260 2047 324 2082 B.“
365 2046 567 2081 Woelfflin.

199 2140 211 2173 1
267 2094 298 2128 6.
338 2094 459 2128 Amici
483 2095 597 2128 Vitam
632 2097 733 2128 tuam
768 2094 907 2137 imputa
941 2093 1087 2128 famam.
1138 2093 1263 2128 Amici
1297 2093 1433 2127 famam
1459 2096 1560 2126 tuam
1585 2093 1726 2137 imputa

173 2152 338 2185 goriam.

265 2199 300 2231 p.
328 2188 383 2222 24.
410 2186 509 2222 Mon.
536 2186 621 2222 XV.
652 2188 704 2230 „3.
740 2186 794 2221 W.
820 2187 862 2222 B.
889 2188 1010 2222 Bias.“
1037 2186 1241 2221 Woelfflin.
1270 2186 1323 2220 Cf.
1350 2186 1456 2222 Publ.
1482 2187 1517 2220 A
1545 2188 1599 2222 56.

267 2235 298 2269 7.
316 2234 448 2268 Amico
463 2233 552 2268 fides
564 2234 757 2280 coagulum
774 2238 829 2268 est
847 2235 1038 2269 amicitiae.
1055 2235 1235 2278 sapientia
1246 2233 1524 2273 firmamentum,
1537 2234 1723 2268 contentio

168 2280 381 2323 discidium3
419 2281 582 2324 perfidia.
610 2282 750 2315 nodosa
781 2283 962 2316 materies.
992 2282 1064 2315 suis
1091 2282 1128 2315 in
1155 2281 1326 2315 damnum
1353 2281 1483 2315 crescit
1511 2281 1726 2324 augmentis.

264 2340 298 2372 p.
326 2329 380 2363 25.
416 2327 516 2363 Mon.
551 2327 634 2364 XV.
669 2328 840 2369 29.-‚.W.
875 2328 916 2364 B.
945 2328 1133 2372 Theoph.“
1168 2327 1373 2362 W'oelff'lin.
1407 2327 1460 2362 Cf.
1496 2327 1597 2363 Sent.
1632 2327 1725 2362 falso

170 2375 269 2409 inter
293 2375 398 2409 Publ.
427 2379 564 2419 recept.
593 2376 648 2410 21.

265 2423 297 2458 8.
315 2421 526 2456 Demetrius
546 2421 629 2456 Non
647 2425 744 2466 opto,
773 2422 899 2465 inquit.
919 2426 956 2456 ut
976 2433 1047 2462 eos,
1076 2423 1137 2466 qui
1151 2423 1285 2457 divites
1304 2426 1397 2463 sunt,
1414 2422 1548 2456 amicos
1560 2421 1724 2456 habeam.

264 2481 298 2513 p.
325 2470 379 2504 40.
409 2468 492 2504 Par.
519 2470 573 2504 31.
602 2469 725 2504 Aliter·
751 2470 861 2504 sentit
886 2469 971 2505 Eur.
1006 2469 1063 2504 El.
1093 2471 1192 2505 1135.
1232 2472 1383 2511 πένητας
1415 2468 1527 2503 οὐδεὶς
1552 2467 1720 2511 βούλεται

173 2515 330 2548 κτᾶσθαι
355 2515 488 2561 φίλους.
538 2516 593 2550 Cf.
621 2516 722 2552 Stob.
749 2515 846 2550 Flor.
879 2520 905 2552 t.
932 2517 987 2552 97.
1006 2517 1039 2551 4.

267 2563 298 2597 9.
323 2563 496 2597 Amicum
522 2563 668 2598 laedere
694 2575 739 2597 ne
766 2564 846 2598 ioco
873 2563 1020 2607 quidem
1046 2567 1206 2608 oportet.

264 2621 298 2653 p.
326 2610 381 2645 25.
408 2609 506 2645 Mon.
533 2610 618 2645 XV.
648 2611 701 2646 15.
730 2610 813 2651 ..W.
840 2610 882 2646 B.
908 2610 1116 2654 Theophr.⁴⁴
1144 2610 1345 2646 Woelfflin.
1390 2609 1444 2645 Cf.
1488 2609 1587 2643 Sent.
1631 2608 1723 2643 falso

175 2656 274 2690 inter
297 2655 403 2692 Publ.
430 2661 565 2701 recept.
594 2658 648 2692 14.

264 2703 319 2739 10.
346 2704 498 2737 Amicus
525 2715 606 2737 raro
635 2704 850 2748 adquiritur,
881 2704 954 2738 cito
981 2704 1174 2740 amittitur.

263 2761 296 2794 p.
323 2751 380 2786 42.
418 2750 501 2786 Par.
530 2752 583 2786 62.
625 2750 694 2792 „V.
730 2751 771 2785 B.
808 2762 860 2795 sp.
895 2751 929 2784 h.
962 2752 994 2791 3,
1030 2751 1085 2787 58.
1125 2763 1178 2796 sp.
1214 2752 1247 2787 d.
1284 2752 1314 2792 6,
1350 2750 1403 2786 14.
1439 2749 1497 2786 W.
1525 2749 1566 2784 B.
1596 2749 1726 2784 Socr.“
