1967 3090
863 99 1180 140 —--2—

247 213 416 257 pretiosis
444 213 638 257 lapidibus,
667 212 730 246 sed
756 213 865 246 etiam
892 214 935 247 (10
963 214 1042 247 aliis
1070 214 1166 246 vitae
1192 213 1314 253 bonis,
1348 215 1526 257 potentia,
1562 215 1690 259 gloria,
1725 216 1799 250 vir-

246 264 325 294 tute
365 260 601 303 cogitandum
634 260 789 295 videtur.
841 259 922 296 Seu.
958 261 1002 294 de
1033 266 1152 304 tranq.
1186 261 1294 296 anim.
1327 260 1412 295 XV.
1453 263 1480 295 1.
1516 265 1670 306 occupat
1703 263 1800 297 enim

210 343 213 347 ,
247 319 321 341 non
354 319 538 350 nunquam
574 307 696 341 odium
730 308 872 351 generis
905 308 1054 342 humani
1090 313 1123 342 et
1160 308 1316 352 occurrit
1352 312 1407 341 tot
1438 309 1613 342 scelerum
1640 308 1800 344 felicium

245 354 368 394 turba,
406 366 485 388 cum
520 354 755 397 cogitaveris,
791 366 898 398 quam
931 355 978 388 sit
1003 366 1087 388 rara
1112 355 1326 399 simplicitas
1354 359 1390 389 et
1415 368 1522 398 quam
1548 356 1673 399 ignota
1698 357 1799 391 inno-

247 402 367 436 centia
393 405 429 435 et
455 402 514 434 vix
534 413 702 446 unquam,
731 402 800 435 nisi
819 414 899 436 cum
919 403 1076 446 expedit,
1104 402 1193 436 fides
1212 406 1303 446 eth.
1324 414 1379 446 ep.
1399 402 1466 436 IX.
1487 404 1506 437 5
1524 404 1603 446 (76)
1625 404 1677 438 16.
1710 404 1799 438 haec

243 452 396 482 vocatur
422 449 547 490 virtus,
574 449 643 483 hoc
669 452 725 483 est
750 449 942 484 honestum
968 454 1004 484 et
1030 450 1176 484 unicum
1202 450 1358 484 hominis
1384 449 1531 486 bonum.

338 496 394 531 23.
421 495 542 530 Male
577 507 713 541 agere
747 497 769 530 i.
797 508 826 532 e.
861 508 1030 541 perverse
1066 497 1109 531 cf.
1139 497 1221 531 Sen.
1257 509 1311 541 ep.
1347 496 1376 531 I.
1412 498 1489 538 ’1,1.
1522 499 1680 532 maxima
1714 510 1800 542 pars

243 544 339 578 vitae
374 543 533 577 elabitur
564 545 658 578 male
693 545 904 589 agentibus,
940 556 1073 589 magna
1107 545 1199 578 nihil
1234 544 1442 589 agentibus,
1478 547 1556 579 tota
1590 545 1666 579 vita
1699 546 1800 580 aliud

245 590 446 636 agentibus.
498 590 599 625 Bene
633 591 879 636 praecipiunt,
916 593 977 635 qui
1008 594 1132 626 vetant
1158 593 1350 635 quicquam
1376 604 1499 637 agere,
1533 592 1630 636 quod
1655 593 1801 628 dubites

244 649 399 682 aequum
425 639 472 672 sit
498 650 543 672 an
568 639 742 682 iniquum.
770 639 931 682 aequitas
959 640 1056 673 enim
1082 639 1179 674 lucet
1204 639 1283 683 ipsa
1310 651 1375 683 per
1401 651 1447 681 se,
1475 640 1655 674 dubitatio
1679 643 1799 675 autem

243 685 507 730 cogitationem
542 686 724 730 significat
756 686 909 720 iniuriae
937 686 1012 722 Cic.
1047 686 1106 721 off.
1134 686 1163 722 I.
1191 687 1222 721 9.
1250 688 1332 722 coll.
1358 686 1431 720 III.
1460 687 1490 722 8.
1541 687 1585 721 In
1619 689 1800 731 aequitate

242 736 363 767 autem
390 736 445 767 est
471 733 601 774 agendi
627 734 836 769 necessitas
888 733 1017 777 Itaque
1044 734 1168 778 Quint.
1188 733 1259 768 III.
1288 735 1318 770 8.
1336 734 1391 769 25.
1418 734 1508 768 mihi
1534 746 1579 769 ne
1605 735 1799 769 consilium

242 780 387 823 quidem
419 781 578 816 videtur
617 781 677 814 ubi
702 781 898 815 necessitas
934 785 1113 815 081ι11011
1146 782 1261 826 magis
1297 794 1405 825 quam
1440 782 1501 815 ubi
1536 785 1679 816 constat
1710 783 1797 826 quid

244 827 322 861 fieri
349 828 496 861 omnino
523 840 594 861 non
620 840 726 872 posse
751 832 785 862 et
814 829 869 862 )7.
896 840 980 862 nam
1006 829 1065 872 qui
1093 829 1137 862 de
1164 840 1201 862 re
1206 811 1368 863 ‘³2nefa1ia
1395 829 1584 870 deliberat,
1613 830 1650 864 id
1677 830 1795 864 solum

242 875 393 918 quaerit,
422 875 602 918 quomodo
628 888 735 918 quam
762 876 949 909 minimum
977 887 1130 919 peccare
1156 876 1334 912 videatui.

336 922 391 956 ³4.
419 922 502 955 Non
534 923 717 956 soloecum
744 926 813 959 est
850 926 889 955 ut
915 923 1048 957 Bothio
1074 924 1237 964 videtur,
1274 924 1370 967 quod
1396 924 1584 968 vulgatur:
1620 926 1797 958 amicus

240 973 288 1003 ut
313 970 475 1003 timeat
502 970 648 1004 docet.
676 970 720 1004 Id
740 971 835 1004 0111111
852 970 948 1013 quod
966 971 1130 1004 docendo
1150 970 1296 1005 efficere
1313 971 1413 1011 velis,
1435 972 1463 1004 si
1484 972 1603 1005 dicere
1623 973 1792 1013 volueris,

240 1020 339 1051 recte
366 1016 499 1050 dixeris
527 1017 670 1051 doceo
696 1021 738 1051 te
763 1020 821 1051 ut.
872 1017 925 1053 Cf.
953 1017 1025 1051 Cic.
1061 1018 1129 1062 leg.
1158 1017 1187 1051 I.
1216 1019 1271 1052 2⁴2.
1307 1019 1395 1052 haec
1431 1019 1664 1063 philosophia
1699 1019 1795 1053 enim

239 1076 311 1097 una
336 1076 400 1098 1108
428 1076 509 1098 011111
536 1068 674 1098 ceteras
701 1077 758 1098 res
786 1076 925 1104 omnes,
959 1068 1036 1098 tum
1064 1065 1159 1108 quod
1193 1069 1248 1099 est
1284 1066 1558 1106 difficillimum,
1595 1067 1720 1100 docuit
1756 1070 1798 1100 ut

241 1115 383 1146 nosmet
409 1111 507 1155 ipsos
534 1124 776 1146 nosceremus
827 1111 883 1146 De
910 1113 1093 1146 sententia
1120 1113 1201 1156 ipsa
1226 1112 1272 1147 cf.
1300 1112 1406 1146 Publ.
1434 1112 1466 1155 Q
1491 1114 1536 1147 40
1562 1114 1672 1158 (540).

334 1159 390 1194 ⁸25.
417 1159 527 1193 Hunc
552 1171 697 1193 versum
722 1159 868 1203 reposui
895 1170 937 1193 ex
965 1159 1049 1194 Seu.
1077 1171 1132 1203 ep.
1161 1159 1272 1195 VIII.
1302 1161 1319 1194 1
1348 1161 1426 1203 (70)
1455 1160 1508 1194 24.
1544 1161 1601 1194 0111
1633 1160 1796 1195 difficilis

240 1206 381 1240 occasio
408 1209 472 1246 est,
500 1207 529 1239 is
555 1207 758 1250 proximam
786 1218 964 1250 quamque
990 1218 1056 1250 pro
1084 1207 1222 1250 optima
1247 1208 1424 1251 adripiat:
1452 1207 1512 1250 qui
1531 1208 1675 1250 quidem
1692 1208 1794 1242 100118

239 1254 291 1287 ita
317 1254 538 1297 compositus
566 1258 631 1292 est,
659 1256 698 1287 ut
723 1254 783 1287 vix
810 1254 978 1296 cuiquam
1004 1254 1154 1288 dubium
1181 1265 1258 1288 esse
1283 1255 1408 1298 possit,
1437 1254 1522 1297 quin
1549 1254 1710 1289 Senecae
1735 1255 1796 1289 hic

242 1300 332 1344 ipse,
360 1301 404 1334 de
431 1312 500 1344 quo
528 1301 764 1345 disputamus,
792 1300 944 1334 Publilii
969 1313 1091 1335 versus
1119 1301 1331 1336 obversatus
1358 1303 1415 1336 sit.
1467 1301 1563 1336 Vide
1588 1302 1795 1338 Woelfflin.

238 1347 332 1382 Phil.
359 1347 487 1381 XXII.
513 1360 548 1392 p.
576 1349 655 1383 463.
708 1348 809 1392 Quae
844 1349 1051 1383 coniectura
1084 1349 1112 1382 si
1145 1360 1232 1382 vera
1267 1350 1330 1390 sit,
1366 1349 1531 1383 conicere
1565 1349 1668 1390 licet,
1704 1361 1797 1393 quae

239 1395 447 1439 corruptela
476 1396 740 1429 sententiarum
759 1395 1049 1430 Publilianarum
1075 1397 1218 1430 codices
1244 1397 1429 1430 invaserit.
1469 1395 1525 1430 De
1552 1397 1731 1431 sententia
1749 1397 1795 1433 cf.

239 1442 344 1478 Publ.
371 1442 391 1475 I
417 1443 460 1477 ⁴25
487 1444 597 1483 (525).

336 1490 389 1524 26.
418 1489 610 1524 Sententia
637 1492 691 1524 est
718 1493 753 1524 et
779 1491 824 1524 de
849 1491 956 1525 rebus
984 1491 1029 1524 ad
1055 1492 1191 1524 victum
1209 1491 1433 1531 necessariis,
1462 1491 1589 1534 quibus
1611 1491 1795 1525 interdum

240 1536 292 1578 fit,
327 1540 367 1570 ut
398 1538 506 1571 etiam
534 1538 679 1572 morbus
707 1538 827 1571 alatur
853 1538 916 1583 (cf.
945 1537 1050 1572 Corn.
1079 1538 1170 1582 Nep.
1197 1539 1277 1572 Att.
1303 1537 1411 1573 XXI.
1440 1539 1470 1573 6.
1496 1550 1582 1572 nam
1607 1538 1697 1572 mihi
1722 1542 1797 1573 stat

245 1585 342 1618 aleie
367 1585 535 1618 morbum
562 1586 738 1620 desinere.
764 1597 920 1629 namque
945 1585 1001 1619 1118
1029 1586 1154 1620 diebus
1181 1586 1353 1629 quicquid
1379 1585 1450 1619 cibi
1469 1586 1615 1630 sumpsi,
1642 1586 1694 1620 ita
1709 1598 1794 1640 pro-

243 1632 330 1666 duxi
356 1632 480 1673 vitam,
508 1635 547 1666 ut
573 1633 736 1666 auxerim
762 1633 907 1667 dolores
931 1633 1007 1666 sine
1026 1645 1089 1677 spe
1108 1633 1248 1677 salutis)
1276 1636 1311 1667 et
1336 1633 1380 1667 de
1405 1633 1521 1674 bellis,
1548 1634 1611 1667 ubi
1637 1645 1681 1667 ex
1705 1634 1795 1678 ipsis

239 1680 346 1713 sociis
373 1680 564 1721 exsistunt,
592 1681 652 1723 qui
678 1684 832 1714 noceant
858 1680 904 1714 cf
930 1679 1165 1723 Pu1)l.Q.)5
1192 1681 1247 1725 (5
1234 1682 1295 1719 55)

337 1726 392 1760 2¹7.
421 1726 527 1770 Quod
555 1728 760 1762 coniecerat
785 1727 1014 1769 B0t11ius,id
1040 1732 1233 1772 propterea
1258 1709 1483 1762 reiciendum
1508 1728 1661 1768 videtur,
1697 1728 1794 1771 quod

240 1773 319 1808 fieri
344 1785 417 1808 non
442 1778 574 1818 potest,
602 1778 642 1808 ut
668 1775 819 1809 consilio
846 1775 924 1818 quis
951 1775 1058 1816 furat,
1086 1787 1131 1808 ne
1150 1775 1275 1809 Iunius
1302 1776 1446 1818 quidem
1472 1776 1534 1810 ille
1558 1775 1706 1815 Brutus,
1732 1776 1794 1818 qui

240 1832 312 1855 non
344 1825 419 1854 tam
444 1822 581 1862 furere,
618 1833 725 1865 quam
759 1823 911 1856 stultum
945 1834 1023 1857 esse
1059 1834 1095 1856 se
1123 1823 1317 1856 simulabat
1343 1823 1388 1857 cf.
1416 1822 1493 1856 Liv.
1521 1822 1551 1858 I.
1579 1823 1634 1857 56.
1685 1822 1791 1858 Ovid.

236 1867 334 1904 Fast.
361 1868 412 1903 II.
440 1869 518 1903 717.
548 1869 625 1904 718.
665 1869 791 1913 Neque
816 1869 854 1903 id
880 1871 975 1913 quod
995 1869 1225 1903 lVoelfflinus
1252 1870 1454 1914 proposuit,
1481 1870 1625 1904 videtur
1648 1869 1694 1903 ad
1713 1881 1792 1903 sen·

237 1916 392 1949 tentiam
430 1917 622 1959 quadrare.
678 1916 769 1950 Cum
803 1918 899 1951 enim
932 1918 1122 1951 consilium
1154 1917 1280 1962 fugere
1315 1919 1375 1961 qui
1408 1917 1608 1951 adversarii
1641 1917 1792 1951 insidias

239 1963 341 2007 fugit,
368 1974 496 2007 rapere
523 1967 644 1998 autem
672 1964 864 1998 consilium
890 1965 1043 1998 dicatur.
1080 1965 1140 2007 qui
1166 1965 1298 2008 raptim
1324 1965 1436 2008 capit:
1471 1965 1564 1998 illud
1589 1964 1686 2008 quod
1712 1965 1792 2008 capi

235 2011 405 2054 raptim
441 2010 590 2051 (licitur,
626 2012 716 2045 nihil
750 2012 795 2045 ad
828 2012 1046 2046 sententiam
1080 2011 1334 2045 illustrandam
1366 2012 1470 2046 facit:
1502 2023 1588 2058 nam
1619 2023 1693 2045 non
1719 2012 1792 2046 cito

236 2058 354 2092 vitare
389 2061 424 2091 et
459 2059 531 2092 cito
558 2070 707 2102 capere,
744 2059 807 2092 sed
834 2059 960 2103 fugere
988 2062 1024 2093 et
1049 2059 1134 2104 fuga
1159 2062 1258 2093 retro
1285 2071 1388 2093 versa
1416 2059 1584 2102 consequi
1610 2059 1793 2093 contraria

236 2108 330 2140 sunt.
382 2104 628 2148 Quamobrem
654 2106 744 2140 mihi
770 2106 941 2140 videntur
965 2107 1100 2141 rectius
1126 2107 1258 2151 egisse,
1293 2107 1354 2150 qui
1378 2118 1444 2150 pro
1481 2118 1659 2150 sapere,
1694 2107 1791 2150 quod

238 2153 275 2186 in
300 2152 330 2186 F
358 2155 422 2194 est,
451 2164 620 2197 capere
648 2154 883 2198 scripserunt,
917 2154 1025 2187 modo
1053 2154 1304 2199 intellegatur,
1341 2155 1401 2198 qui
1433 2154 1512 2188 fieri
1536 2153 1714 2197 potuerit,
1749 2156 1792 2187 ut

237 2211 401 2243 capere
432 2201 583 2234 verbum
618 2201 835 2244 praesertim
860 2201 898 2234 in
923 2201 986 2234 illa
1013 2202 1190 2242 dictione,
1226 2213 1296 2245 qua
1321 2202 1510 2235 consilium
1539 2212 1668 2245 capere
1693 2200 1789 2234 dice-

237 2247 336 2288 bant,
364 2250 441 2280 tam
459 2251 585 2281 notum
603 2259 643 2281 ac
661 2249 791 2282 tritum
809 2252 1114 2292 corrumperetur.
1163 2248 1344 2292 Equidem
1371 2260 1528 2292 sapere
1550 2248 1789 2292 depravatum

232 2305 276 2328 ex
303 2295 453 2338 apisci
481 2295 661 2333 existimo,
697 2295 809 2330 verbo
843 2296 1003 2329 librariis
1038 2307 1166 2340 parum
1193 2296 1340 2340 cognito
1368 2307 1433 2330 nec
1458 2300 1581 2329 tamen
1607 2295 1697 2329 adeo
1724 2295 1787 2328 ob-

233 2342 358 2382 soleto,
386 2344 425 2374 ut
444 2354 516 2376 11011
534 2343 591 2376 vel
609 2343 739 2386 optimi
758 2343 934 2376 sermonis
953 2343 1059 2377 latini
1078 2346 1245 2377 auctores
1264 2346 1463 2377 uterentur.
1495 2342 1548 2376 Cf.
1568 2342 1618 2376 M.
1635 2341 1785 2377 Gesner.

231 2388 338 2422 Thes.
366 2400 398 2423 v.
427 2390 627 2441 apiscor.
667 2390 733 2423 Est
760 2393 883 2424 autem
909 2390 1079 2434 apisci,
1108 2402 1174 2434 pro
1193 2402 1263 2434 quo
1281 2391 1450 2424 usitatius
1469 2393 1523 2424 est
1542 2390 1783 2433 compositum

232 2436 435 2480 adipisc'
427 2448 455 2472 1,
476 2436 572 2469 1(10111
591 2436 666 2470 fele
685 2437 782 2481 quod
800 2449 941 2481 capel
952 2450 988 2479 e,
1008 2438 1077 2471 nisi
1095 2437 1192 2480 quod
1210 2441 1362 2481 pioptei
1381 2438 1604 2472 contraiium
1622 2436 1784 2481 fugere

231 2483 445 2527 exquisitius
473 2483 613 2517 dictum
640 2488 693 2517 est
720 2496 787 2528 pio
806 2485 925 2518 verbis
951 2486 1028 2518 inv
1039 2485 1193 2526 011110,
1215 2484 1593 2528 depiehendere,
1622 2495 1783 2518 conse-

232 2531 325 2573 qui,
362 2541 382 2563 a
407 2531 536 2573 quibus
563 2531 616 2601 ita
641 2531 773 2565 differt.
808 2533 904 2586 quod
931 2532 974 2573 de
1002 2532 1109 2566 rebus
1137 2544 1219 2566 cum
1244 2532 1371 2565 labore
1397 2532 1509 2575 partis
1537 2531 1681 2566 dicitur
1726 2530 1782 2565 Cf.

228 2577 349 2613 Plaut.
376 2577 483 2621 Epid.
512 2577 557 2613 V
657 2579 688 2612 3.
726 2569 806 2613 tace
839 2580 885 2613 sis
912 2571 1031 2621 modo,
1071 2580 1148 2613 81110
1182 2591 1240 2613 1110
1266 2579 1450 2613 1101111110111
1477 2578 1637 2622 apisci.
1686 2577 1781 2612 Rud.

229 2625 322 2668 prol.
353 2625 404 2660 17.
432 2625 494 2668 qui
519 2625 578 2659 hic
598 2605 706 2659 litem
733 2627 937 2670 adipisci
964 2626 1078 2671 (Cain.
1098 2627 1264 2671 apisci)
1291 2627 1481 2670 postulant
1498 2625 1669 2669 periurio.
1698 2624 1780 2659 Ter.

228 2672 362 2706 Heaut.
389 2671 458 2706 IV.
486 2673 516 2706 3.
548 2674 599 2708 15.
628 2673 778 2706 deorum
810 2674 923 2707 vitani
950 2674 1049 2717 apti
1084 2685 1245 2708 811111118.
1285 2674 1407 2716 Atque
1438 2685 1470 2706 v.
1505 2672 1659 2716 apisci
1698 2683 1782 2705 con-

229 2720 383 2753 trarium
416 2731 493 2753 esse
520 2720 630 2754 verbo
664 2720 681 2753 f
688 2732 710 2753 u
720 2731 831 2764 gere
858 2720 990 2764 probat
1015 2720 1176 2755 Lucilius
1204 2720 1277 2755 Sat..
1304 2721 1327 2755 l.
1354 2719 1499 2755 XXVI.
1527 2720 1582 2755 23.
1609 2719 1665 2753 ed.
1693 2718 1782 2752 Ger-
