1967 3090
733 124 1051 168 —149—

114 241 268 286 posthac
301 252 374 276 non
407 252 547 276 memor
580 241 638 281 sis,
671 252 744 275 non
778 243 834 274 est
866 239 962 283 quod
993 239 1117 273 statim
1149 238 1267 284 gratia
1298 241 1411 279 coeat,
1445 241 1553 281 atque
1588 248 1669 272 eam

113 289 230 333 ipsam
255 299 342 329 rem,
368 294 409 322 ut
434 289 587 329 eveniat,
622 291 745 322 tamen
776 288 827 321 ita
850 289 999 331 praeter
1034 285 1331 320 consuetudinem
1366 285 1513 320 evenire
1546 285 1665 326 credo,

112 336 173 370 vix
210 339 252 369 ut
288 336 324 369 in
363 336 580 370 sententiam
618 335 776 378 aliquam
813 344 1040 368 communem
1078 333 1215 367 intrare
1246 333 1372 376 possit.
1432 331 1553 375 Quare
1586 343 1668 366 cum

113 382 212 416 aliud
229 383 310 417 loco
328 383 527 417 remedium
546 382 792 426 quaerendum
808 380 1004 421 videretur,
1023 391 1090 423 pro
1108 380 1252 413 multa
1271 380 1401 423 scripsi
1419 380 1548 413 inita.
1598 379 1671 414 Est

111 433 235 464 autem
252 430 376 474 grati
388 441 450 464 am
469 430 590 464 inire
608 428 901 463 benevolentiam
919 427 1114 461 conciliare
1132 426 1176 460 cf.
1192 426 1266 460 Cic.
1287 426 1346 461 off.
1364 425 1394 462 I.
1416 427 1468 462 15.
1489 427 1544 460 sin
1563 430 1670 460 erunt

111 477 254 517 merita,
284 480 325 511 ut
349 488 421 510 non
438 476 647 517 ineunda,
675 475 738 509 sed
763 474 954 509 referenda
980 473 1028 507 sit
1051 473 1220 518 gratia,
1247 474 1362 507 maior
1380 474 1557 517 quaedam
1583 485 1670 508 cura

115 523 321 558 adhibenda
339 528 403 558 est.
422 535 477 568 ep.
493 524 539 558 ad
551 523 631 558 Att.
649 522 680 558 Ι.
700 523 754 557 14.
769 526 890 556 utrum
910 521 1080 555 Crassum
1096 520 1219 554 inire
1238 531 1315 554 eam
1332 521 1541 565 gratiam,
1561 532 1669 564 quam

111 571 190 615 ipse
207 572 523 615 praetermisisset.
572 569 652 604 Liv.
672 570 726 609 36,
747 570 778 605 5.
797 569 894 613 apud
907 579 1031 611 regem
1054 567 1256 613 gratiam
1288 568 1450 601 initam
1477 567 1669 613 volebant3

111 619 230 663 gratia
264 629 309 652 ex
340 619 405 652 lite
441 619 533 652 inita
564 616 823 652 benevolentia
855 628 900 650 ex
933 616 1013 649 rixa
1037 615 1096 649 vel
1131 615 1368 648 altercatione
1394 614 1558 649 collecta.
1609 614 1671 650 Sic

111 665 192 699 aliis
218 666 329 699 etiam
347 665 435 699 locis
453 664 633 699 Publilius
653 664 699 698 ad
715 675 849 697 nomen
867 675 949 697 cum
966 661 1238 706 praepositione
1255 662 1419 695 iunctum
1436 662 1670 706 participium

109 712 214 747 verbi
246 712 349 746 addit
381 712 428 748 cf.
454 711 559 746 Publ.
595 710 628 755 Q
652 712 697 746 47
722 712 824 756 (547)
854 711 930 744 vita
963 710 1040 743 sine
1074 709 1233 754 negotiis
1265 709 1430 744 transita.
1457 707 1493 741 V
1520 710 1540 743 2
1566 709 1671 753 (630)

111 759 280 803 voluptas
307 771 326 793 e
351 759 495 794 difficili
511 759 608 794 data.
657 758 737 793 Iam
763 769 806 792 ea
830 757 950 803 gratia
974 756 1182 790 formosa
1215 755 1288 790 dici
1320 756 1475 796 videtur,
1504 767 1594 799 quae
1617 756 1670 789 iu—

111 806 238 841 cundis
264 807 497 840 humanitatis
523 817 564 840 ac
589 806 822 840 liberalitatis
849 803 1176 849 significationibus
1195 803 1449 847 conspiciatur.
1500 803 1552 838 Ut
1578 802 1672 836 dixit

110 852 250 890 Seneca
280 853 326 888 de
359 854 400 887 ir.
433 852 485 887 II.
520 854 550 894 5,
583 853 617 887 4.
651 865 672 888 o
706 852 907 886 formosum
939 850 1203 895 spectaculum!
1240 856 1303 884 aut
1336 849 1389 884 ΙΙ.
1417 850 1471 890 36,
1507 850 1538 885 3.
1565 850 1671 884 iratis

109 901 255 944 quidem
279 901 380 934 nulla
405 904 460 934 est
484 900 682 935 formosior
706 899 854 945 effigies,
881 909 989 942 quam
1015 901 1121 931 atrox
1138 901 1174 932 et
1191 897 1351 932 horrida.
1401 896 1543 931 Eodem
1560 897 1669 931 modo

112 947 287 982 deformis
312 947 371 982 vel
396 947 563 982 informis
590 951 654 988 est,
683 948 743 991 qui
768 947 868 991 turpi
895 946 1056 989 corporis
1083 945 1212 978 habitu
1236 948 1274 978 et
1299 944 1418 988 specie
1437 948 1494 978 est
1519 944 1564 980 cf.
1585 943 1669 980 Seu.

111 995 158 1030 de
192 995 234 1028 ir.
261 993 314 1028 II.
342 996 397 1036 11,
424 995 456 1030 2.
474 994 526 1030 Π.
553 995 608 1036 35,
636 995 667 1029 3.
686 993 761 1028 ΙΙΙ.
790 995 844 1035 12,
865 994 896 1028 6.
923 992 1114 1027 Sententia
1142 992 1255 1036 igitur
1272 991 1388 1032 docet,
1417 992 1535 1035 siqua
1552 992 1670 1036 gratia

111 1053 154 1076 ex
179 1042 245 1076 lite
271 1046 440 1076 nascatur
464 1042 522 1076 vel
546 1046 769 1082 renascatur,
797 1052 877 1075 eam
903 1039 994 1080 fieri,
1023 1051 1131 1083 quam
1147 1042 1255 1074 antea
1272 1038 1391 1079 fuerit,
1419 1039 1669 1073 formosiorem

109 1089 169 1123 vel
195 1089 460 1133 speciosiorem.
511 1088 565 1124 Cf.
591 1088 697 1124 Publ.
724 1088 758 1122 D
787 1089 806 1124 9
832 1089 946 1133 (131).

208 1137 262 1172 19.
288 1135 393 1170 Haec
418 1147 544 1170 versus
571 1136 751 1171 sententia
788 1135 951 1169 videtur:
988 1134 1145 1168 Etiamsi
1179 1134 1258 1177 quis
1289 1133 1387 1167 vitae
1420 1132 1531 1167 rebus
1564 1133 1670 1167 bonis

112 1184 272 1217 animum
298 1183 516 1223 adsueverit,
544 1194 651 1227 saepe
677 1194 722 1217 ex
748 1194 789 1217 eo
815 1183 895 1227 ipso
922 1182 1185 1216 detrimentum
1211 1181 1320 1225 capit.
1370 1180 1669 1215 Adsuescere

110 1230 262 1265 verbum
287 1231 447 1264 activum
473 1242 554 1264 cum
587 1231 793 1265 accusativo
827 1229 1062 1274 coniungitur
1093 1228 1140 1263 cf.
1172 1227 1264 1262 Hor.
1300 1226 1415 1262 Ser-m.
1451 1226 1503 1261 Π.
1539 1228 1669 1268 2109.

110 1277 210 1313 Flor.
230 1277 282 1313 Π.
302 1278 357 1318 32,
372 1277 429 1311 43.
469 1277 644 1311 Bonum
660 1281 776 1313 neutr.
795 1288 876 1322 gen.
897 1276 987 1321 sing.
1007 1275 1072 1321 (cf.
1091 1275 1197 1309 Publ.
1215 1275 1251 1309 A
1270 1275 1332 1319 28)
1351 1275 1512 1319 captiose
1531 1274 1670 1309 dictum

110 1324 267 1366 videtur,
293 1328 334 1358 ut
357 1325 526 1365 haesites,
553 1330 676 1358 utrum
700 1324 850 1369 physico
878 1335 993 1364 sensu,
1027 1326 1069 1356 ut
1102 1323 1153 1356 ait
1179 1321 1393 1356 Schuetzius
1425 1322 1462 1356 in
1496 1322 1566 1357 lex.
1594 1321 1669 1356 Cic.

110 1383 168 1406 res
194 1372 369 1406 iucundas
395 1372 452 1406 vel
479 1382 673 1416 prosperas
700 1383 745 1405 an
771 1371 901 1405 morali
928 1382 1033 1404 sensu
1059 1381 1118 1404 res
1142 1369 1314 1403 honestas
1340 1369 1399 1403 vel
1430 1369 1586 1403 virtutes
1612 1369 1667 1402 in—

110 1419 275 1462 tellegas.
325 1418 529 1462 Utrumque
556 1422 677 1453 autem
701 1421 801 1453 recte
827 1418 900 1452 dici
924 1418 1069 1452 videtur
1096 1428 1204 1461 saepe
1231 1416 1369 1457 obesse,
1400 1416 1429 1450 si
1454 1416 1534 1459 quis
1559 1416 1670 1450 rebus

113 1467 187 1500 sive
211 1465 378 1500 ineundis
405 1467 477 1500 sive
504 1465 664 1501 honestis
682 1466 906 1500 adsueverit:
932 1464 1026 1499 illud
1043 1464 1140 1508 quod
1165 1474 1309 1507 semper
1326 1474 1439 1507 parvo
1457 1466 1669 1498 contentum

111 1524 189 1548 esse
214 1513 362 1557 prodest
388 1512 434 1548 cf.
461 1512 567 1548 Publ.
594 1513 625 1547 B
653 1514 673 1548 2
699 1513 790 1557 (45),
826 1512 896 1546 hoc
923 1512 1021 1556 quod
1048 1511 1156 1545 etiam
1182 1512 1297 1545 virtus
1322 1513 1441 1551 nocet,
1468 1522 1552 1544 cum
1588 1510 1670 1554 quis

112 1571 155 1596 ea
180 1560 231 1594 sic
257 1560 472 1600 adsueverit,
500 1563 540 1594 ut
564 1559 818 1604 improborum
843 1561 917 1593 vim
942 1559 1116 1601 dolosque
1141 1559 1229 1602 pati,
1257 1569 1367 1601 quam
1399 1558 1522 1601 aequis
1558 1558 1669 1591 armis

111 1607 327 1651 propulsare
352 1607 467 1641 malit.
517 1606 575 1641 De
602 1607 781 1642 sententia
815 1617 988 1650 compara
1021 1616 1129 1649 quem
1163 1616 1269 1649 supra
1302 1605 1379 1638 dixi
1417 1604 1510 1638 Hor.
1545 1605 1670 1638 locum

112 1654 225 1689 Serm.
251 1654 304 1688 Π.
329 1655 361 1695 2,
379 1654 573 1689 107-111.
600 1658 728 1688 uterne
754 1653 801 1687 ad
826 1665 930 1688 casus
956 1653 1084 1687 dubios
1109 1651 1201 1686 fidet
1225 1652 1293 1686 sibi
1328 1651 1488 1686 certius?
1521 1652 1582 1686 hic
1607 1651 1668 1695 qui

112 1701 279 1746 pluribus
305 1702 471 1736 adsuevit
496 1705 656 1736 mentem
683 1712 885 1745 corpusque
919 1700 1116 1744 superbum
1149 1711 1196 1733 an
1229 1700 1291 1743 qui
1323 1702 1515 1734 contentus
1551 1710 1670 1743 parvo

111 1752 350 1792 metuensque
375 1748 489 1782 futuri
515 1749 554 1782 in
578 1760 668 1793 pace
694 1752 734 1782 ut
760 1748 903 1792 sapiens
931 1748 1068 1791 aptarit
1092 1746 1225 1780 idonea
1250 1745 1374 1780 bello?

207 1796 262 1830 20.
289 1795 406 1830 Verbi
420 1796 637 1830 substantivi
662 1795 780 1830 forma
805 1798 875 1829 est
898 1807 920 1829 a
946 1794 1107 1829 Publilio
1132 1794 1172 1827 in
1188 1805 1313 1827 versus
1339 1793 1444 1827 initio
1466 1804 1539 1827 non
1557 1792 1671 1827 collo-

113 1846 217 1878 catur
241 1843 288 1878 cf.
315 1844 361 1877 ad
386 1842 490 1878 Caec.
517 1842 622 1877 Balb.
649 1842 750 1877 Sent.
776 1842 831 1877 96.
881 1842 1005 1877 Nimia
1031 1841 1143 1875 animi
1176 1840 1371 1885 stupiditas
1397 1844 1461 1882 est,
1490 1851 1581 1884 quae
1606 1840 1671 1874 ubi

112 1891 275 1935 peccarit
300 1890 452 1924 nesciat.

207 1937 237 1971 F
264 1939 295 1973 1.
321 1936 413 1971 Cum
438 1942 644 1971 ceterorum
669 1936 846 1977 codicum,
873 1939 953 1969 tum
986 1935 1122 1969 codicis
1148 1934 1454 1979 Rheinaugiensis
1489 1934 1671 1979 scriptura

113 1988 239 2029 aperte
265 1985 384 2025 docet,
411 1984 506 2018 unde
532 1995 634 2024 rem,
663 1984 765 2018 cuius
791 1983 846 2017 vis
872 1994 914 2016 ac
940 1986 1103 2026 potestas
1120 1982 1242 2016 fidei
1267 1982 1470 2026 opponitur
1503 1981 1564 2026 (cf.
1592 1981 1668 2016 Cic.

113 2031 192 2065 Cat.
217 2031 270 2066 Π,
297 2033 327 2072 5,
344 2032 399 2066 10.
424 2043 496 2066 res
523 2042 584 2065 eos
609 2031 682 2065 iam
707 2030 860 2074 pridem,
887 2029 904 2063 f
910 2029 1010 2063 ides
1042 2040 1161 2073 nuper
1186 2028 1342 2064 deficere
1376 2029 1514 2073 coepit)
1540 2028 1672 2063 vitium

112 2079 274 2113 traxerit.
325 2077 430 2122 Quod
455 2089 589 2112 nomen
614 2089 697 2112 cum
722 2077 781 2111 vel
799 2080 1012 2121 corruptum
1036 2076 1095 2110 vel
1111 2077 1254 2110 nullum
1273 2079 1378 2116 esset,
1406 2088 1479 2110 non
1498 2079 1553 2110 est
1571 2076 1669 2120 quod

112 2137 158 2160 ne
183 2126 321 2159 exitum
346 2125 493 2169 quidem
518 2136 642 2159 versus
669 2124 888 2164 constitisse,
916 2124 980 2158 sed
1004 2124 1043 2157 in
1068 2124 1141 2157 alia
1165 2124 1287 2158 01111113
1320 2123 1452 2157 abiisse
1478 2123 1669 2158 miremur.

112 2172 356 2206 Relicuam
381 2173 594 2216 plerumque
620 2175 802 2215 quattuor,
829 2182 912 2205 raro
938 2171 1049 2204 trium
1074 2170 1298 2214 syllabarum
1323 2170 1436 2204 fuisse
1463 2170 1669 2204 docuerunt

111 2219 301 2254 Bentleius
325 2220 371 2254 ad
397 2219 552 2255 Phaedr.
578 2218 650 2254 fab.
676 2218 707 2253 I.
735 2218 861 2259 31,13.
896 2221 933 2252 et
957 2217 1216 2252 Lachmannus
1250 2217 1297 2251 ad
1321 2217 1468 2252 Lucret.
1505 2216 1551 2250 V.
1587 2218 1668 2252 679.

111 2279 148 2311 p.
175 2267 242 2301 305
290 2267 395 2301 Haec
421 2267 533 2311 igitur
557 2277 681 2300 versus
707 2266 889 2299 sententia
907 2268 979 2299 est:
1007 2263 1078 2308 Qui
1095 2264 1206 2299 fidem
1223 2264 1360 2309 perdit,
1384 2276 1454 2308 quo
1482 2275 1562 2298 eam
1577 2275 1670 2306 rem,

113 2325 204 2357 quae
230 2314 300 2358 ipsi
323 2314 454 2348 relicta
479 2316 544 2354 est,
572 2312 719 2348 servat?
745 2312 958 2347 Verendum
985 2317 1042 2346 est
1066 2312 1173 2353 enim,
1200 2323 1246 2346 ne
1270 2311 1344 2346 fide
1363 2311 1508 2355 perdita
1535 2311 1669 2352 omnia,

113 2372 206 2405 quae
230 2361 269 2394 in
285 2361 514 2405 possessione
530 2361 756 2399 restiterunt,
784 2359 887 2393 brevi
904 2359 1048 2403 perdat.
1098 2359 1274 2393 Erasmus
1292 2362 1416 2393 autem
1437 2370 1539 2392 suam
1557 2359 1671 2402 scrip—

113 2410 234 2441 turam
253 2409 304 2442 sic
321 2408 582 2452 interpretatus
601 2412 674 2447 est:
710 2406 805 2450 „Qui
821 2406 946 2451 perdit
962 2406 1165 2451 pecuniam,
1183 2406 1295 2440 habet
1311 2406 1349 2440 in
1366 2405 1464 2449 quod
1481 2417 1519 2440 se
1536 2410 1670 2446 servet,

114 2455 176 2498 qui
201 2454 321 2495 fidem,
348 2455 440 2489 nihil
464 2455 577 2489 habet
601 2455 663 2498 qui
688 2465 726 2488 se
752 2457 905 2488 servet.“

210 2502 243 2537 2.
270 2502 470 2546 Captare
493 2503 516 2538 i.
534 2514 563 2537 e.
583 2501 749 2536 insidiari
767 2500 810 2536 cf.
830 2499 902 2534 Sen
922 2511 977 2545 ep.
996 2499 1123 2534 XVH.
1140 2501 1159 2535 3
1179 2501 1282 2545 (103)
1309 2502 1339 2535 1.
1358 2499 1458 2534 Η1118
1474 2499 1667 2534 Erasmus:

112 2547 315 2583 Insidiatur
339 2549 496 2590 fortuna,
529 2560 612 2584 cum
636 2548 772 2582 blanda
790 2552 854 2588 est,
880 2547 931 2582 ita
949 2551 1027 2581 tum
1051 2547 1209 2581 maxime
1226 2547 1395 2582 habenda
1413 2552 1469 2581 est
1486 2550 1665 2591 suspecta,

114 2606 196 2630 cum
219 2596 377 2630 maxime
402 2607 577 2640 prospera
602 2600 668 2630 est.
718 2594 774 2630 Cf.
789 2593 872 2630 Sen.
899 2606 954 2639 ep.
982 2594 1011 2628 I.
1038 2596 1070 2635 8,
1090 2595 1122 2630 3.
1139 2606 1291 2629 munera
1315 2595 1386 2628 ista
1403 2594 1572 2628 fortunae
1597 2605 1662 2638 pu-

113 2642 225 2677 tatis?
248 2643 400 2678 insidiae
427 2647 520 2679 sunt.
547 2642 671 2686 Quint..
698 2641 766 2677 VI.
792 2652 953 2686 prooem.
979 2642 1010 2676 8.
1037 2641 1129 2675 illud
1153 2653 1241 2676 vero
1267 2641 1482 2682 insidiantis,
1511 2652 1581 2684 quo
1606 2651 1665 2674 me

116 2689 271 2724 validius
298 2691 486 2731 cruciaret,
515 2690 683 2724 fortunae
710 2688 781 2723 fm't
806 2692 894 2732 etqs.
945 2689 1001 2723 10.
1028 2693 1065 2723 et
1091 2700 1168 2724 esse
1191 2689 1316 2723 nescio
1343 2699 1451 2732 quam
1468 2699 1558 2731 quae
1585 2698 1672 2731 spes,
