1967 3090
795 118 1085 160 —23-

172 265 290 306 quem
337 263 498 293 versum
542 248 806 296 Schwarzius‚
862 246 929 299 qui
971 246 1136 298 praetor
1178 243 1277 285 olim
1319 255 1355 282 a.
1401 242 1526 284 1813.
1569 239 1719 280 iudicio

168 315 507 359 Duderstadiensi
554 313 745 369 praefuit,
794 312 852 352 sic
898 311 940 351 in
985 308 1272 351 Germanicum
1316 307 1473 348 vertere
1521 317 1599 346 non
1647 303 1720 344 du-

171 381 340 423 bitavit:

228 469 420 522 Vergehn
452 467 522 508 des
544 466 761 507 Frommen
792 463 892 516 tilgt
924 462 993 503 der
1014 462 1187 503 Richter
1220 460 1343 501 sehon
1375 459 1484 499 beim
1516 457 1661 505 Lesen,

169 552 288 606 quasi
319 563 414 593 vero
448 548 681 601 delinquere
712 546 892 587 hominis
934 544 1064 598 probi,
1107 544 1321 584 nocentem
1362 541 1536 582 liberare
1578 539 1722 580 iudicis

169 618 289 659 esset.
362 615 473 656 Inter
525 612 793 654 severitatem
835 611 876 651 et
917 609 1219 650 humanitatem
1263 618 1506 660 suspensum
1547 603 1724 645 iudicem

168 681 289 735 fingit
321 679 472 732 Caspai·
505 676 693 725 Orellius,
727 688 816 716 cum
851 675 909 716 sic
942 673 1197 716 scribendum
1220 671 1432 725 proponit:

500 759 624 801 Probi
656 758 803 800 delicta
835 757 953 798 iudex
984 757 1129 810 lugens
1163 755 1401 808 detegit:

169 833 219 875 ad
261 845 361 886 quae
393 831 566 873 Bothius
608 830 731 871 nimis
774 829 905 870 sobrie
945 827 1137 869 adnotat:
1203 826 1313 877 „Ista
1345 826 1482 866 autem
1514 834 1615 876 quae
1648 821 1726 862 sibi

171 897 312 947 velint,
345 909 463 938 nemo
498 896 704 949 exputet.“
770 892 1031 935 Woelfflinus
1065 891 1227 945 quidem
1259 888 1509 931 sententiam
1540 886 1718 927 Publilio

169 962 335 1017 dignam
375 974 519 1015 parum
562 960 700 1014 probis
744 959 925 999 numeris
957 957 1136 1006 inclusit,
1177 968 1275 1009 quos
1307 953 1457 1008 probos
1489 951 1589 994 fecit
1619 951 1722 992 Rib-

168 1027 347 1077 beckius,
383 1039 474 1067 cum
507 1026 566 1066 ita
598 1024 822 1066 scriberet:

501 1101 624 1144 Probi
656 1100 804 1142 delicta
835 1099 1058 1153 neglegens
1089 1098 1202 1151 leges
1234 1099 1397 1138 teras.

168 1181 351 1234 Denique
373 1180 559 1221 Andreas
582 1177 825 1232 Spengelius
857 1176 1028 1218 eandem
1056 1175 1142 1216 fere
1165 1174 1415 1216 sententiam
1436 1174 1479 1214 in
1506 1173 1583 1213 hoc
1604 1183 1724 1212 versu

169 1246 297 1287 latere
329 1247 441 1286 ratus
474 1257 635 1286 versum
669 1244 727 1284 sic
757 1242 961 1296 reposuit:

478 1332 601 1373 Probi
634 1330 784 1372 delicta
816 1329 906 1370 cum
939 1330 1071 1382 tegas,
1105 1328 1219 1381 leges
1251 1328 1413 1367 teras.

172 1410 282 1460 Quae
306 1409 612 1451 emendationes
645 1420 785 1450 omnes
817 1419 840 1448 a
871 1407 983 1447 recta
1016 1404 1228 1446 decedunt.
1282 1403 1391 1444 Nam
1419 1403 1599 1456 primum
1621 1401 1725 1455 quod

172 1475 222 1516 ab
261 1486 398 1515 versus
434 1473 552 1514 initio
590 1473 788 1525 scriptum
829 1472 912 1520 est,
954 1470 1117 1524 probe
1160 1469 1319 1511 facilius
1363 1481 1480 1522 quam
1511 1467 1647 1509 verius
1683 1466 1725 1507 in

172 1539 328 1593 probi
368 1539 653 1585 mutaverunt3
704 1538 789 1577 tum
832 1535 936 1589 quod
977 1535 1112 1577 medio
1150 1547 1270 1577 versu
1313 1535 1376 1575 est
1417 1545 1529 1574 cum
1570 1531 1722 1585 legas

172 1604 267 1658 quid
300 1604 377 1645 sibi
409 1603 533 1645 vellet
562 1615 642 1644 non
674 1601 948 1655 explicarunt:
982 1599 1239 1641 difficultatis
1261 1611 1356 1640 vero
1388 1597 1611 1651 plurimum
1633 1609 1725 1638 ver-

171 1671 269 1711 bum
310 1668 415 1722 quod
457 1669 499 1709 in
531 1680 670 1708 versus
704 1667 814 1707 exitu
846 1667 921 1716 est,
971 1666 1121 1706 teras
1164 1663 1388 1705 facessivit.
1467 1661 1576 1712 Quas
1619 1661 1727 1702 diffi-

174 1734 348 1775 cultates
389 1733 493 1774 mihi
541 1731 754 1774 sustulisse
801 1730 965 1780 videor,
1015 1742 1107 1771 cum
1149 1728 1299 1770 codicis
1341 1727 1521 1780 vestigia
1563 1726 1725 1767 secutus

173 1799 393 1841 scriberem
408 1815 414 1839 :

445 1874 646 1916 Probes
679 1873 840 1923 delicta,
876 1873 968 1914 cum
1001 1871 1050 1913 de
1081 1871 1173 1924 lege
1207 1871 1449 1924 deroges,

175 1952 286 2003 Quae
327 1951 490 2005 quidem
534 1950 738 1992 sententia
768 1950 880 2004 leges
915 1961 1078 1990 severas
1111 1947 1372 1990 detrahendis
1421 1947 1561 2000 poenis
1593 1946 1730 2000 frangi

173 2019 214 2058 et
252 2016 407 2059 molliri
454 2017 579 2065 vetat.
642 2016 698 2058 Ut
728 2028 824 2057 vero
857 2015 933 2056 hoc
964 2026 1083 2055 versu
1114 2013 1293 2055 Publilio
1337 2012 1529 2053 ultimum
1561 2012 1729 2053 verbum

173 2081 339 2123 nocuit:
370 2081 429 2122 sic
450 2081 561 2122 idem
582 2080 647 2121 illi
669 2080 704 2131 Q
727 2082 781 2124 32
805 2078 930 2134 (532)
953 2079 1199 2120 detrimento
1232 2077 1324 2119 fuit.
1389 2076 1588 2118 Gruterus
1620 2077 1729 2117 enim

174 2160 266 2188 cum
298 2147 339 2187 in
373 2146 507 2188 codice
538 2146 570 2186 F
604 2146 801 2198 scriptum
832 2144 1026 2186 vidisset:

431 2233 543 2284 Quae
575 2232 663 2274 vult
694 2232 822 2274 videri
853 2231 960 2273 bella
995 2230 1171 2272 nimium
1202 2230 1265 2270 illi
1296 2231 1464 2283 negat

173 2311 412 2364 turpissima
445 2322 626 2363 quaeque
659 2308 885 2362 significari
917 2307 1144 2362 suspicatus
1178 2319 1344 2348 versum
1376 2306 1436 2347 ita
1471 2304 1727 2346 emendavit:

443 2391 554 2442 Quae
586 2391 675 2433 vult
705 2390 837 2432 videri
868 2389 979 2432 bella
1009 2390 1132 2431 nimis
1164 2388 1268 2430 nulli
1299 2390 1477 2442 negat.

176 2469 254 2511 Sed
285 2470 448 2523 praeter
471 2481 592 2522 quam
624 2468 730 2521 quod
751 2466 929 2509 Publilio
961 2466 1088 2508 talem
1119 2466 1368 2507 sententiam
1400 2464 1580 2506 tribuere
1603 2477 1728 2518 grave

175 2537 250 2584 est,
297 2546 347 2574 ne
388 2534 548 2574 numeri
590 2532 754 2586 quidem
795 2532 958 2586 probari
1001 2531 1171 2572 debent:
1220 2530 1412 2583 displicet
1451 2530 1561 2570 enim
1593 2530 1727 2583 quarti

174 2598 288 2653 pedis
321 2599 577 2651 anapaestus.
640 2598 793 2639 Versus
826 2598 966 2638 autem
997 2596 1148 2637 vitium
1178 2595 1283 2636 latet
1314 2594 1357 2635 in
1389 2594 1510 2636 verbo
1543 2595 1728 2647 corrupto

175 2664 363 2717 negat:
396 2663 456 2704 ita
488 2662 597 2704 enim
629 2661 865 2704 scribendus
896 2660 1082 2702 videtur:

429 2750 543 2802 Quae
574 2749 666 2792 vult
696 2749 828 2792 videri
859 2748 980 2799 bella,
1013 2749 1188 2790 nimium
1221 2748 1284 2790 illi
1317 2751 1487 2791 nocet.
