1967 3090
831 114 1034 157 —st
1101 137 1150 142 -

317 232 388 265 lis.
419 230 501 264 8611.
530 240 583 273 ep.
612 227 680 263 VI.
707 229 726 262 Τ
755 229 831 272 (59)
861 230 913 264 18.
942 229 985 263 de
1013 233 1127 264 const.
1156 241 1231 274 sap.
1253 229 1298 263 V.
1318 230 1349 265 4.
1366 229 1419 266 Cf.
1438 230 1544 266 Publ.
1565 230 1636 273 144
1654 233 1769 279 (295).

214 277 254 313 M
280 278 335 312 44.
363 277 476 321 (332).
505 275 592 311 Sall.
621 275 697 320 Iug.
730 277 757 316 1.
786 277 816 310 3.
846 275 945 311 Sent.
974 276 1066 310 falso
1092 277 1187 311 inter
1212 276 1315 311 Publ.
1344 283 1478 322 recept.
1494 279 1548 314 75.
1569 279 1771 314 234.Bent-

215 326 304 359 lcius
335 325 485 368 quidum
511 335 654 357 versum
681 323 731 357 sic
759 324 918 367 scripsit:
948 323 1049 357 Nihil
1076 325 1182 368 eripit
1210 323 1382 365 Fortuna,
1402 325 1471 358 nisi
1490 326 1587 369 quod
1605 330 1640 360 et
1660 327 1772 362 (ledit.

215 372 269 407 cf.
297 371 500 406 Woelfflin.
527 370 623 404 Phil.
652 370 780 405 XXII.
809 383 842 415 p.
870 372 949 406 463.
977 370 1177 405 Publiliani
1203 383 1337 413 versus,
1367 383 1455 415 quos
1475 373 1592 414 attuli,
1619 385 1692 408 non
1707 374 1770 408 du-

216 420 292 453 bito
319 420 407 462 quin
435 418 596 452 Senecae
623 429 704 452 cum
731 418 905 452 scriberet
933 417 1117 452 obversati
1145 419 1228 452 sint.

314 468 389 501 112⁸.
418 466 562 499 Sumtus
581 477 704 500 versus
732 470 785 499 est
813 478 856 499 ex
883 464 967 499 8611,
994 466 1126 511 Agam.
1155 466 1209 500 71.
1238 467 1302 501 72:
1332 466 1380 500 Ut
1408 467 1626 511 praecipites
1647 480 1775 515 regum

215 525 319 548 casus
353 513 512 547 Fortuna
547 517 656 546 rotat.
707 513 908 547 Fortunam
942 513 1130 546 hominum
1164 513 1240 547 fata
1278 517 1400 548 rotare
1427 525 1499 548 non
1525 515 1637 550 semel
1676 517 1769 551 dixit

217 562 354 595 Seneca
381 561 542 605 tragicus
577 559 621 594 cf.
656 559 802 604 Thyest.
843 561 921 595 [116.
948 560 1101 604 Hippol.
1149 561 1248 595 1021.
1294 559 1526 596 VVoelfflinus
1569 566 1607 596 ut
1648 575 1774 599 versus

214 608 403 652 exemplar
429 607 551 641 laudat
578 606 749 643 Menand.
784 619 818 651 p.
854 609 934 643 333.
961 607 1073 643 Mein.
1113 607 1247 642 Melius
1282 608 1351 642 huc
1386 609 1564 652 quadrare
1601 610 1699 645 Men.
1737 623 1773 656 p.

216 655 295 691 333.
323 655 379 689 vel
406 656 526 699 potius
554 654 652 689 Men.
687 660 840 690 monost.
866 667 900 699 p.
930 656 1008 690 712.
1035 656 1175 689 monuit
1202 655 1404 691 Nauckius:
1432 657 1493 700 qui
1518 668 1644 692 versus
1663 658 1715 692 sic
1732 670 1769 693 se

216 702 344 737 habet:
361 705 501 748 στρέφει
526 700 560 735 δὲ
589 704 709 735 πάι-τα
735 701 803 735 τάν
829 706 898 745 βιῳ
924 703 1029 747 μικρὰ
1056 706 1150 745 τύχη.

313 751 392 785 120.
437 749 616 784 Gruterus
655 762 673 784 6
713 749 792 784 cod.
832 749 948 784 Palat.
986 750 1069 785 Sen.
1105 751 1150 785 de
1185 753 1299 786 const.
1328 762 1404 795 sap.
1431 750 1516 787 XV.
1555 754 1574 787 3
1601 755 1692 789 extr.
1719 752 1774 789 Cf.

214 797 420 832 Woelfflin.
447 796 544 832 Phil.
571 797 698 833 XXII.
726 809 760 841 p.
787 798 867 832 463.

315 846 393 880 121.
423 844 629 888 „Fortunae
655 845 869 888 imputatur,
911 845 939 878 si
967 846 1046 889 quis
1073 845 1247 880 innocens
1275 845 1471 890 affligitun‘
1496 844 1604 879 Fabr.
1643 858 1662 881 e
1699 858 1774 881 ma-

219 893 407 936 nuscripto
435 903 491 936 ap.
519 891 608 927 Zell.
636 904 671 936 p.
699 892 752 927 56.
781 904 813 928 v,
841 895 897 927 62.
925 896 959 926 et
986 892 1188 927 Kremsier.
1224 905 1259 937 p.
1296 894 1350 927 34.
1388 905 1420 928 v,
1448 895 1527 928 361.
1555 892 1608 927 Of.
1635 893 1774 931 Auson.

219 940 320 984 Sept.
349 939 433 984 Sap.
461 939 562 974 Sent.
591 940 622 979 3,
651 942 682 975 2.
710 939 768 975 Ri.
796 952 828 975 v,
856 940 934 974 309.

317 988 394 1021 122.
421 986 531 1022 Prov.
561 988 638 1021 135.

308 1036 393 1069 123.
422 1036 525 1068 Caec.
544 1034 649 1068 Ball).
670 1047 703 1078 p.
723 1034 779 1068 42.
799 1034 882 1070 Par.
901 1036 945 1069 61
964 1034 1082 1073 (Sent.
1108 1035 1182 1079 74).
1218 1034 1345 1068 Tribui
1371 1046 1516 1069 versum
1540 1035 1701 1070 Publilio
1729 1037 1774 1072 cf.

217 1081 252 1115 G
281 1083 333 1117 11.
362 1081 416 1116 Cf.
445 1081 580 1125 Meyer.
608 1094 641 1125 p.
669 1083 724 1117 46.
751 1081 924 1117 Bothius:
953 1079 1121 1116 Geininat
1149 1082 1324 1116 delictum
1343 1093 1449 1126 quem
1475 1082 1601 1116 delicti
1618 1095 1691 1117 non
1709 1095 1774 1128 pu-

219 1129 292 1169 det,
319 1129 498 1173 probante
524 1129 730 1164 Ribbeckio
756 1141 788 1164 v.
816 1129 896 1164 296.
946 1129 1132 1163 Delictum
1159 1140 1202 1163 ex
1229 1129 1308 1174 lege
1335 1129 1555 1163 maleficium
1580 1129 1643 1174 (cf.
1669 1130 1775 1166 Publ.

218 1176 249 1210 P
278 1177 319 1211 19
358 1176 469 1221 1111)).
513 1183 705 1220 peccatum
737 1176 892 1210 dedecus
931 1187 976 1210 ex
1014 1176 1192 1210 maleficio
1219 1176 1414 1221 significat.
1456 1176 1552 1210 Vide
1577 1181 1771 1221 praeterea

219 1223 357 1268 Meyer.
385 1236 419 1268 p.
446 1224 501 1259 20.

317 1272 393 1305 124.
422 1270 567 1306 Gruter.
596 1282 613 1305 e
641 1271 719 1305 cod.
752 1270 871 1307 Palat.
924 1271 1080 1306 Versum
1112 1271 1406 1306 homoeoteleuto
1432 1272 1611 1316 insignem
1646 1283 1665 1305 a
1699 1271 1770 1307 Pu-

219 1319 322 1352 blilio
350 1318 633 1352 abiudicanduin
659 1319 797 1352 censuit
825 1318 1025 1353 Woelfflin.
1053 1318 1198 1363 Proleg.
1226 1330 1260 1362 p.
1288 1320 1343 1354 59.
1370 1318 1428 1352 Ri.
1455 1331 1488 1353 v,
1517 1320 1595 1354 151.
1624 1319 1627 1322 “

316 1367 394 1401 125.
422 1365 526 1401 Caec.
554 1365 658 1400 Ball).
686 1378 720 1410 p.
748 1367 804 1402 21.
830 1365 929 1402 Mon.
957 1366 1069 1402 VIII.
1100 1368 1128 1402 1.
1156 1366 1274 1403 (Sent.
1302 1367 1373 1411 702).
1399 1366 1458 1402 Ri.
1486 1378 1517 1400 v.
1545 1367 1622 1401 225.

317 1414 395 1448 126.
424 1413 541 1447 Vetus
568 1414 805 1457 proverbium
829 1426 885 1458 ap.
913 1413 996 1448 8611.
1025 1425 1079 1458 ep.
1107 1413 1181 1448 III.
1211 1416 1226 1448 1
1257 1414 1336 1459 (22)
1366 1415 1396 1448 1.

317 1461 395 1495 12ῖ.
422 1460 525 1495 Caec.
551 1460 657 1495 Ball).
684 1473 718 1504 p.
747 1461 802 1496 24.
828 1461 926 1496 Mon.
954 1461 1058 1496 XIV.
1087 1463 1106 1495 εἴ)
1134 1461 1253 1506 (86111>
1280 1462 1350 1505 45).
1381 1461 1435 1495 Cf.
1463 1461 1572 1495 Publ.
1589 1461 1608 1495 I
1627 1462 1773 1507 6(·235‘).

221 1507 319 1542 Sent.
348 1508 441 1541 falso
468 1509 564 1542 inter
590 1507 696 1542 Publ.
722 1512 858 1552 recept.
886 1509 942 1543 35.

272 1556 275 1558 ’
317 1555 395 1591 128.
423 1554 569 1589 Sumtus
595 1567 721 1590 versus
748 1559 801 1590 est
829 1568 872 1590 ex
899 1556 982 1591 Sen.
1011 1556 1186 1592 Controv.
1213 1556 1386 1600 Excerpt.
1416 1555 1483 1590 VI.
1512 1556 1544 1590 Τ.
1573 1556 1702 1600 11447.
1723 1556 1779 1591 ed.

221 1602 302 1646 Bip.
332 1603 385 1636 Cf.
413 1602 496 1637 8611.
524 1603 621 1638 Med.
649 1603 728 1638 432.
764 1604 845 1639 433.
880 1603 1048 1638 Pericula
1075 1604 1222 1638 morbos
1249 1604 1437 1648 intellego.
1488 1603 1542 1638 Cf.
1570 1603 1666 1639 Plin.
1695 1603 1778 1639 NH.

219 1649 371 1684 XXIII.
400 1652 429 1684 1.
455 1651 574 1684 Bentl.
603 1663 636 1684 v.
665 1651 740 1685 131.

321 1698 395 1733 129.
425 1697 529 1732 Caec.
556 1698 660 1734 b’alb.
688 1710 720 1742 p.
749 1699 805 1733 42.
833 1697 915 1732 Par.
945 1699 999 1733 64.
1028 1698 1147 1743 [Sent.
1175 1699 1246 1742 60).

319 1745 396 1779 130.
425 1745 528 1779 Caec.
556 1745 660 1780 Ball).
688 1757 722 1789 p.
751 1747 806 1780 39.
833 1745 916 1780 Par.
945 1747 989 1780 23
1015 1745 1134 1790 (Sent.
1162 1745 1234 1788 81).
1261 1745 1487 1779 Ribbeckius
1515 1757 1533 1779 e
1552 1746 1621 1780 cod
1635 1746 1779 1780 Cusano

221 1792 293 1836 (ped.
319 1791 392 1828 Ios
420 1792 606 1838 Kleinius)
635 1794 695 1837 qui
722 1805 741 1826 a
767 1792 972 1827 Ribbeckio
998 1793 1193 1838 insignitus
1221 1797 1273 1827 est
1293 1793 1415 1826 littera
1435 1805 1473 1827 c:
1499 1792 1707 1834 ..Molestius
1727 1796 1782 1828 est

221 1840 320 1873 inter
347 1840 437 1874 duos
465 1841 599 1875 amicos
627 1852 735 1884 quani
761 1841 857 1874 inter
874 1841 964 1874 duos
984 1841 1150 1874 inimicos
1170 1840 1364 1880 iudicare··‚
1392 1852 1537 1874 versum
1564 1841 1614 1875 sic
1632 1851 1779 1885 compo-

222 1887 314 1922 suit:
341 1889 493 1922 Amicos
521 1888 616 1921 inter
642 1888 778 1922 iudices
806 1888 1006 1922 molestius.
1033 1887 1091 1923 Ri.
1118 1900 1151 1923 v.
1182 1888 1258 1922 1T1.

320 1936 397 1969 131.
427 1934 509 1969 8611.
537 1936 582 1969 de
609 1935 712 1970 clem.
740 1935 770 1970 I.
803 1936 852 1975 19,
880 1936 912 1969 4.

307 1982 397 2018 132.
424 1982 672 2018 Pseudo-Seu.
700 1983 744 2017 de
769 1994 859 2018 nior.
886 1983 941 2018 8⁴).
969 1982 1024 2018 Cf.
1052 1982 1253 2017 Woelfflin.
1281 1982 1376 2017 Phil.
1405 1981 1516 2016 VIII.
1542 1994 1578 2026 p.
1606 1982 1684 2018 166.

319 2030 397 2065 133.
424 2029 671 2066 Pseudo-Seu.
699 2031 742 2064 de
770 2042 858 2064 mor.
888 2031 964 2064 132.
991 2029 1099 2063 Prov.
1129 2031 1206 2065 120.
1235 2028 1451 2072 „Silentium
1473 2031 1719 2073 opportunum
1745 2033 1781 2063 et

223 2088 344 2110 sermo
371 2078 609 2121 tempestivus
636 2078 811 2122 sapientis
838 2082 1030 2121 utrumque
1057 2078 1225 2112 hominis.
1264 2077 1401 2111 Pittaci
1418 2077 1605 2120 antiquum
1621 2077 1780 2111 dictum“

222 2123 332 2159 Fabr.
368 2136 386 2158 e
421 2126 668 2169 manuscripto
695 2137 752 2170 ap.
786 2124 988 2160 Kremsier.
1030 2137 1064 2169 p.
1104 2125 1158 2159 37.
1193 2137 1224 2158 v.
1260 2125 1340 2160 384.
1390 2123 1549 2158 Versum
1582 2125 1782 2158 omiserunt

225 2172 383 2206 Orellius
411 2176 445 2206 et
474 2172 628 2206 Bothius
656 2185 738 2207 cum
763 2173 890 2207 Zellio.
942 2171 1131 2207 Sententia
1158 2184 1266 2216 saepe
1291 2172 1518 2215 inultumque
1543 2173 1701 2206 tractata
1728 2175 1783 2206 est

224 2222 259 2252 et
287 2220 428 2254 variata
456 2220 501 2255 cf.
531 2220 634 2254 Caec.
669 2220 775 2255 Ball).
810 2232 844 2264 p.
872 2220 926 2255 26.
954 2219 1053 2254 Mon.
1081 2219 1224 2255 XXVI.
1251 2220 1283 2253 4.
1310 2231 1344 2263 p.
1372 2220 1427 2254 29.
1454 2218 1552 2253 Mon.
1580 2218 1721 2253 XXVI.
1749 2220 1781 2254 6.

225 2265 350 2311 [..Sen.
378 2278 432 2311 ep.
462 2267 506 2303 V.
535 2269 554 2302 9
582 2268 660 2313 149)
689 2269 766 2303 12:-
799 2267 891 2313 Wo.]
928 2280 962 2312 p.
991 2268 1047 2303 33.
1073 2267 1174 2301 Mon.
1202 2266 1347 2302 XLIII.
1382 2267 1415 2301 4.
1455 2265 1577 2307 ‚‚P1ut.
1605 2266 1781 2310 apophth.

223 2325 302 2358 reg.
330 2318 363 2348 et
391 2315 478 2359 imp.
505 2314 691 2349 Phocione
718 2316 748 2350 2.
777 2315 839 2351 vit.
867 2314 1057 2350 Demosth.
1085 2326 1162 2358 cap.
1194 2315 1246 2350 1⁴⁷).
1273 2313 1360 2349 Sall.
1387 2314 1470 2348 hist.
1491 2313 1520 2347 I.
1540 2314 1571 2348 3.
1590 2314 1645 2348 ed.
1661 2312 1781 2348 Kritz.

228 2361 272 2395 de
299 2360 455 2397 Catone:
489 2362 648 2397 Romani
680 2363 824 2407 generis
851 2362 1111 2396 disertissimus
1146 2362 1291 2408 [multa]
1319 2361 1443 2405 paucis
1470 2361 1661 2396 absolvitf‘
1700 2360 1781 2396 Wo.

322 2410 400 2444 134.
427 2409 585 2453 Propter
628 2413 836 2444 structurae
861 2410 1148 2454 ambuigitatem⁷
1177 2421 1268 2453 quae
1299 2409 1336 2442 in
1362 2408 1521 2443 Fabricii
1547 2419 1651 2442 versu
1676 2408 1781 2449 inest,

222 2456 401 2496 ..honesta
428 2457 523 2490 fama
549 2458 682 2492 melior
707 2458 859 2502 pecunia
886 2461 964 2492 este
990 2457 1141 2492 verbum
1166 2457 1314 2491 mutavi.
1353 2455 1508 2503 ..Melius
1535 2458 1589 2489 est
1615 2467 1691 2490 esse
1717 2455 1781 2489 bo-

226 2515 323 2543 num.
352 2516 459 2548 quain
485 2505 647 2545 divitem.
674 2505 879 2545 honestum.
907 2517 1015 2549 quam
1041 2505 1300 2549 pecuniosum‘·
1338 2503 1444 2538 Fabr.
1479 2514 1498 2537 6
1532 2502 1781 2546 manuscripto

226 2562 282 2594 ap.
310 2550 399 2586 Zell.
426 2564 461 2596 p.
490 2552 545 2586 59.
572 2564 603 2586 v.
633 2553 710 2587 105.
739 2558 772 2586 et
801 2553 1001 2587 Kremsier.
1030 2564 1064 2596 p.
1091 2552 1145 2587 37.
1173 2564 1204 2587 v,
1232 2552 1312 2587 366.
1339 2550 1394 2584 Cf.
1421 2550 1526 2585 Publ.
1554 2549 1592 2583 H
1613 2551 1655 2584 15
1669 2550 1780 2594 (217).

325 2599 401 2633 135.
436 2600 494 2635 Ri.
522 2612 553 2635 V.
582 2600 661 2634 325.
689 2599 741 2633 Cf.
770 2599 874 2634 Publ.
903 2599 940 2633 H
969 2600 1009 2634 17
1037 2599 1151 2644 (219).
1187 2599 1381 2642 Comparat
1410 2597 1568 2632 Orellius
1597 2596 1783 2631 Cleanthis

227 2656 369 2680 versum
396 2647 492 2691 apud
519 2646 601 2682 Sen.
629 2659 683 2691 ep.
711 2646 862 2682 XVIII.
889 2648 910 2681 4
936 2647 1039 2691 (iot)
1068 2648 1123 2681 11:
1153 2646 1299 2680 Ducunt
1325 2645 1508 2680 volentem
1533 2644 1619 2684 fata.
1657 2644 1780 2678 nolen-

225 2696 301 2726 tem
326 2693 486 2729 trahunt.

325 2741 401 2776 136.
429 2741 571 2778 Erasm.
599 2741 718 2786 Adag.
738 2753 772 2785 p.
792 2742 871 2777 218.
892 2753 935 2775 ex
953 2741 1074 2776 Schol.
1094 2741 1246 2776 Theocr.
1274 2739 1377 2786 5023„-
1404 2741 1572 2781 πεσούσῃ,-
1599 2739 1666 2773 πᾶς
1692 2737 1783 2784 ἀνὴρ
