1967 3090
781 131 1102 174 -279—

272 248 378 283 Vinc.
405 247 497 283 Bell.
534 258 586 291 sp.
614 247 648 281 d.
675 248 707 287 4,
735 247 790 283 68.
824 246 882 281 Ri.
910 258 942 282 v,
970 246 1033 281 94:
1071 244 1228 280 Peccata
1260 248 1380 291 potius
1414 247 1574 292 corrigas
1608 258 1717 291 quam

307 295 478 330 vindices.

189 345 245 382 95.
271 342 363 378 Sunt
398 354 551 387 quorum
584 353 715 386 corpus
753 341 943 376 innoxium
979 344 1045 375 est.
1085 347 1120 374 et
1158 341 1197 374 in
1234 341 1333 376 mille
1368 340 1571 376 facinorum
1603 341 1716 377 furias

306 402 406 425 mens
434 391 550 424 otiosa
576 390 759 425 discurrit.

274 437 380 472 Vinc.
406 436 500 472 Bell.
528 449 580 482 sp.
607 437 640 472 d.
668 438 700 475 4.
729 437 806 472 1⁸)T.
833 435 953 470 Locus
979 435 1030 469 sic
1057 435 1271 469 scribendus
1298 435 1461 470 videtur:
1491 435 1603 477 ..Sunt
1630 448 1716 481 quo-

307 497 387 519 rum
421 496 550 528 corpus
577 485 763 518 innoxium
790 484 846 523 sit,
886 483 950 517 sed
984 483 1022 516 in
1046 482 1146 516 mille
1173 482 1372 516 facinorum
1398 482 1511 517 furias
1538 495 1639 518 mens
1665 485 1715 518 vi-

306 533 401 567 tiosa
427 531 639 566 discurrat-⁴
681 532 844 575 Quorum
869 530 1073 568 herborum
1110 531 1141 562 si
1166 529 1255 582 quid
1280 529 1396 564 video.
1423 530 1511 565 haec
1538 532 1717 566 sententia

306 582 378 613 est:
410 578 523 621 ‚.Sunt
550 590 703 623 quorum
728 589 861 622 corpus
887 577 1035 621 quidem
1060 587 1188 610 sanum
1213 577 1270 610 sit.
1300 577 1363 611 sed
1385 589 1485 611 mens
1504 579 1639 614 insana
1667 580 1718 613 ita

307 631 346 660 ut
372 606 493 661 multis
520 630 554 661 et
581 625 804 669 gravissimis
822 624 1045 658 facinoribus
1064 623 1162 658 velut
1188 623 1315 658 furiosi
1333 635 1369 658 sc
1396 624 1593 665 oblioentfl
1630 616 1718 661 Sen-

307 674 443 709 tentiae
470 674 748 707 fundamentum
773 671 865 706 illud
890 670 1076 707 Iuvenalis
1103 670 1149 706 X.
1177 671 1263 706 356:
1299 670 1486 705 orandum
1512 679 1576 707 est.
1603 677 1643 707 u't
1670 674 1718 707 sit

308 733 410 755 mens
438 732 526 755 sana
552 721 589 754 in
614 730 766 764 corpore
792 730 891 754 sano.
929 719 1015 753 Adi.
1043 718 1235 752 saucius
1262 718 1283 752 i.
1312 730 1340 752 e.
1368 718 1580 753 xulneratus
1607 721 1718 754 inter-

308 768 395 802 dum
428 769 475 803 ad
507 768 668 801 animum
692 766 916 800 transfertur
950 777 1058 800 sensu
1094 765 1215 808 aliquo
1248 777 1290 800 ac
1321 772 1424 799 motu
1450 766 1718 802 vehementiore

308 815 486 850 offensum
521 819 557 849 et
592 815 740 854 laesum,
775 819 813 848 ut
847 818 901 847 est
934 813 1031 857 apud
1064 812 1210 847 Luc-ret.
1245 812 1314 848 IV.
1353 812 1452 848 1048.
1485 813 1718 850 Lachmann:

306 862 415 906 idque
447 862 539 907 petit
573 873 724 906 corpus,
758 872 859 896 mens
898 861 993 895 unde
1028 864 1082 895 est
1115 861 1238 894 saucia
1271 871 1404 894 amore.
1444 863 1480 894 et
1515 861 1612 905 apud
1644 861 1718 898 Cic.

306 910 386 944 Att.
413 909 443 946 I.
472 910 533 944 1T:
579 910 702 953 Atque
737 908 830 943 illud
864 919 884 942 a
916 919 974 942 me
1007 908 1080 942 iam
1112 914 1195 942 ante
1233 907 1523 951 intellegebatur,
1559 909 1656 952 quod
1681 913 1718 944 te

307 968 448 1001 quoque
485 957 605 1001 ipsum
641 956 892 991 discedentem
929 967 949 989 a
987 955 1091 989 nobis
1130 955 1307 999 suspicari
1343 954 1531 990 videbam.
1571 957 1719 991 subesse

306 1005 428 1039 nescio
454 1004 542 1048 quid
568 1003 750 1048 opinionis
783 1003 1036 1037 incommodae
1072 1002 1304 1045 sauciumque
1337 1003 1413 1037 eius
1439 1003 1600 1037 animum
1625 1004 1717 1039 inse-

307 1051 404 1086 disse
429 1051 606 1095 quasdam
631 1051 776 1085 odiosas
803 1050 1025 1094 suspiciones
1052 1055 1142 1094 eth.
1171 1057 1206 1083 et
1232 1049 1331 1093 apud
1347 1049 1461 1095 Verg.
1480 1050 1573 1086 Aen.
1596 1050 1665 1087 IV.
1688 1054 1718 1087 1.

305 1098 365 1134 Ri.
391 1110 424 1134 v.
452 1100 514 1133 2⁴5:
540 1097 645 1133 Mens
671 1099 789 1132 otiosa
813 1098 852 1131 in
877 1098 978 1132 mille
1004 1098 1114 1131 furias
1142 1097 1283 1131 incidit.

213 1150 269 1185 96.
285 1147 326 1183 Si
350 1146 389 1180 in
413 1146 621 1180 clientelam
646 1145 764 1180 felicis
794 1145 951 1180 hominis
983 1145 1215 1189 potentisque
1241 1144 1461 1188 perveneris.
1497 1149 1558 1180 aut
1583 1147 1719 1181 veritas

307 1198 368 1229 aut
396 1194 556 1228 amicitia
582 1193 770 1236 perdenda
796 1198 862 1227 est.

285 1242 391 1276 Vinc.
416 1240 509 1275 Bell.
536 1252 589 1285 sp.
617 1240 651 1274 d.
679 1242 710 1279 5.
738 1240 770 1276 T.
796 1239 853 1274 Ri.
880 1250 914 1273 v,
941 1240 1003 1274 96:
1034 1238 1292 1274 Potentiorum
1323 1241 1440 1273 3111100
1476 1241 1636 1275 amicitia
1665 1243 1719 1276 est

308 1288 497 1334 perdenda
523 1293 583 1322 aut
610 1288 758 1322 veritas.

214 1339 269 1373 97.
287 1336 327 1371 Si
351 1336 405 1369 w's
431 1335 560 1370 beatus
586 1346 673 1369 esse.
709 1335 832 1380 cogita
857 1334 925 1368 hoc
949 1334 1126 1378 primum:
1154 1338 1345 1368 contemne
1372 1335 1566 1370 contemni.

283 1381 532 1418 Pseudo-Seu.
559 1382 603 1416 de
629 1393 718 1416 mor.
745 1382 800 1417 24.
827 1381 886 1417 Ri.
905 1393 937 1415 v.
965 1381 1025 1416 9T:
1053 1380 1219 1415 Primum
1245 1383 1430 1415 contemni
1456 1389 1658 1423 contemne,
1687 1385 1718 1418 si

308 1431 436 1465 beatus
462 1431 540 1464 esse
566 1430 630 1463 vis.

213 1480 270 1515 98.
285 1477 323 1512 81
349 1478 473 1512 multis
500 1476 679 1521 placuerit
707 1477 782 1510 vita
808 1480 882 1510 tua.
909 1476 978 1510 tibi
1003 1476 1148 1520 placere
1173 1487 1247 1510 non
1273 1479 1404 1519 potest.

308 1525 368 1561 Ri.
396 1537 427 1560 ι’.
454 1525 518 1560 98;
544 1524 671 1559 Multis
698 1524 729 1557 si
754 1527 816 1558 tua
842 1526 917 1558 vita
942 1524 1092 1568 placuit.
1125 1523 1195 1557 tibi
1220 1523 1366 1567 placere
1391 1523 1466 1556 11011
1490 1528 1622 1567 potest.

213 1574 269 1609 99.
286 1553 530 1607 Solitudinem
554 1575 716 1616 quaerat,
743 1572 804 1614 qui
829 1572 906 1604 vult
932 1583 1015 1606 cum
1038 1563 1292 1605 innocentibus
1318 1571 1450 1605 tivere.

285 1618 534 1655 Pseudo-Seu.
560 1620 605 1654 de
631 1630 721 1654 mor.
748 1619 804 1654 27.
830 1618 888 1652 Ri.
916 1630 948 1653 x.
976 1618 1032 1653 99.

191 1668 270 1703 100.
286 1667 448 1701 Stultum
473 1671 528 1700 est
554 1667 696 1705 timere,
724 1665 821 1709 quod
847 1666 955 1700 n'tari
980 1677 1053 1700 11011
1078 1668 1212 1709 potest.

284 1712 533 1749 Pseudo-Seu.
568 1713 612 1748 (10
646 1724 736 1748 mor.
764 1713 820 1748 39.
855 1712 939 1748 Sen.
973 1713 1017 1747 de
1042 1713 1176 1747 remed.
1211 1712 1296 1747 fort.
1329 1711 1380 1746 Π.
1415 1712 1446 1747 3.
1491 1710 1592 1746 Sent.
1626 1711 1719 1746 falso

308 1762 404 1796 inter
427 1761 533 1796 Publ.
563 1764 700 1804 recept.
727 1761 806 1796 352.
832 1759 891 1795 Ri.
918 1772 950 1794 v.
979 1761 1063 1794 10οῑ
1099 1759 1261 1794 Stultum
1287 1761 1342 1793 est
1368 1759 1507 1798 timere,
1545 1759 1642 1803 quod
1666 1760 1718 1793 vi-

308 1809 382 1842 tari
405 1809 479 1842 non
503 1812 636 1852 potest.

192 1857 270 1892 101.
286 1855 438 1900 Semper
463 1856 641 1890 dissensio
667 1854 713 1889 ab
739 1855 811 1889 alio
838 1855 1000 1900 incipiat.
1029 1865 1048 1888 a
1073 1858 1110 1889 te
1136 1854 1399 1889 reconciliatio.

284 1902 531 1938 Pseudo-Seu.
570 1903 615 1937 de
641 1914 730 1937 mor.
764 1903 820 1937 49.
849 1902 949 1938 Sent.
984 1901 1077 1936 falso
1108 1902 1206 1936 inter
1238 1901 1345 1936 Publ.
1378 1906 1514 1945 recept.
1542 1901 1620 1936 104.
1657 1901 1714 1936 Ri.

307 1962 340 1984 v.
368 1952 446 1985 101.

191 1997 270 2034 102.
286 1997 465 2032 Succurre
489 1998 701 2041 paupertati
726 1997 935 2032 amicorum.
963 1998 1072 2031 immo
1098 1997 1220 2040 potius
1246 2007 1404 2031 occurre.

285 2044 536 2079 Pseudo-Seu.
564 2045 609 2078 dc
634 2056 724 2079 mor.
752 2045 806 2079 50.
834 2043 893 2079 Ri.
919 2055 952 2080 V.
980 2045 1057 2079 102.

192 2093 271 2127 103.
287 2092 438 2126 Secreto
464 2092 618 2126 admone
645 2092 793 2129 amicos,
818 2092 942 2135 palam
965 2091 1087 2126 lauda.

285 2137 534 2174 Pseudo-Seu.
561 2138 606 2173 de
631 2150 722 2173 mor.
759 2139 812 2172 12.
838 2137 938 2174 Sent.
964 2138 1055 2173 falso
1086 2138 1183 2172 inter
1206 2136 1313 2172 Publ.
1347 2141 1482 2182 recept.
1511 2139 1565 2173 15.
1600 2137 1658 2173 Ri.
1685 2150 1716 2173 ν.

311 2186 390 2221 103.
428 2185 632 2231 Castigatio
663 2185 812 2226 acerba,
846 2186 928 2220 ideo
960 2186 1056 2220 clam
1086 2184 1167 2220 fieri
1200 2185 1324 2219 debet:
1363 2185 1442 2219 laus
1475 2191 1601 2230 grata,
1635 2185 1718 2220 ideo

310 2233 456 2277 publice
474 2232 681 2267 adhibenda
699 2236 787 2267 estss
814 2232 922 2268 Fabr.
949 2244 968 2267 e
993 2232 1242 2276 manuscripto
1260 2244 1316 2276 ap.
1336 2231 1448 2268 Orell.
1473 2245 1508 2277 p.
1528 2233 1583 2268 79.
1609 2245 1641 2267 v.
1661 2233 1718 2267 44.

300 2280 402 2315 Zell.
427 2292 462 2324 p.
490 2281 544 2315 53.
581 2292 612 2314 v.
637 2280 695 2315 44.
732 2279 932 2341 Kremsier.
966 2292 1001 2324 p.
1036 2281 1091 2315 311.
1126 2292 1159 2313 v.
1194 2279 1274 2314 318.
1321 2280 1458 2314 Auson.
1494 2279 1595 2324 Sept.
1631 2278 1717 2324 Sap.

312 2327 413 2362 Sent.
441 2328 473 2368 5,
499 2328 532 2363 4.

192 2375 271 2410 104.
288 2374 331 2409 81
354 2374 447 2409 110110
472 2378 509 2409 te
534 2374 749 2414 institueris,
777 2374 911 2418 pudeat
937 2373 1017 2409 fieri
1041 2373 1272 2409 deteriorem.

288 2420 535 2457 Pseudo-Seu.
562 2422 607 2456 de
632 2433 722 2456 mor.
751 2422 830 2457 ⁴109.
856 2421 914 2456 Ri.
940 2433 973 2457 v.
1003 2422 1081 2457 104.

196 2468 273 2505 105.
289 2468 330 2503 Si
355 2469 436 2513 quis
462 2469 643 2509 irascitur,
670 2469 715 2502 ab
740 2468 812 2503 alio
838 2479 974 2512 poenas
999 2469 1103 2513 petit,
1130 2480 1150 2503 3
1175 2480 1213 2503 se
1239 2469 1365 2514 exigit.

287 2515 395 2551 Vinc.
419 2516 514 2552 Bell.
548 2528 601 2560 sp.
628 2516 662 2552 d.
687 2516 720 2550 4.
752 2516 827 2551 133.
867 2515 966 2550 Sent.
994 2516 1086 2550 falso
1111 2516 1208 2551 inter
1232 2515 1337 2551 Publ.
1373 2518 1508 2569 recept.
1535 2516 1567 2550 2.
1600 2514 1657 2550 Ri.
1684 2526 1718 2551 v,

313 2563 390 2599 105.
415 2563 498 2608 Exp
501 2564 567 2598 etit
602 2565 737 2607 poenas
763 2563 878 2597 iratus
905 2563 950 2596 ab
976 2563 1059 2603 alio,
1087 2574 1107 2597 a
1133 2575 1170 2597 se
1194 2564 1274 2607 ipso
1300 2563 1425 2616 exigit.

196 2610 274 2646 106.
289 2609 524 2645 Severissime
549 2611 646 2644 enim
670 2622 736 2644 nos
762 2610 953 2644 adversum
977 2613 1171 2654 peccantes
1196 2611 1406 2655 ingerimus.
1433 2611 1469 2643 et
1494 2607 1566 2652 ipsi
1592 2606 1720 2641 eadem

311 2658 577 2692 committimus.

287 2702 346 2738 Ri.
372 2716 405 2739 V.
434 2705 520 2741 106:
548 2704 681 2739 Severe
706 2704 937 2750 castigamus,
964 2715 1056 2748 quae
1081 2705 1353 2739 committimus.
