1967 3090
763 114 1084 156 —195—-

147 236 269 266 tamen
304 242 346 266 ea
379 230 430 266 fit.
466 242 574 274 quam
600 242 680 264 cum
718 228 915 274 Spengelio
950 240 994 262 ex
1028 239 1133 272 prosa
1159 229 1322 262 oratione
1349 227 1483 262 dixeris
1510 227 1698 262 adscitam.

150 279 242 314 Nam
268 277 352 313 Rufi
379 278 597 312 sententiam
624 288 713 317 eam,
741 288 847 320 quam
875 275 1106 309 Woelfflinus
1134 286 1153 309 e
1180 275 1258 311 cod.
1286 274 1367 309 Par.
1394 276 1456 310 lat.
1484 274 1585 310 4841.
1607 285 1699 308 saec.

150 326 217 360 IX.
244 325 359 366 affert,
387 324 487 358 Mors
514 325 601 358 forti
627 325 725 361 levis.
755 323 925 358 servienti
951 326 1087 366 optata,
1114 322 1286 356 obtabilis
1313 323 1519 361 immatura,
1547 322 1591 356 ab
1611 322 1699 365 ipsis

147 373 266 407 verbis
301 374 430 417 po'e'tae
466 383 542 406 esse
575 371 816 416 cognoscitur,
859 370 928 403 nisi
962 369 1058 413 quod
1085 380 1208 403 versus
1243 369 1417 404 trochaici
1453 370 1610 403 numeris
1637 369 1699 402 ad-

149 419 362 465 stringenda
387 420 423 452 in
450 419 544 453 hunc
569 418 717 453 modum
743 417 903 451 videtur:
931 416 1030 450 Mors
1050 416 1140 450 levis
1159 418 1255 453 forti.
1283 428 1388 451 servo
1407 420 1543 460 optata⁷
1572 419 1698 450 imma·

147 471 229 501 tura
253 470 308 501 est
334 466 460 502 nubili.
500 465 571 500 Pro
597 466 734 499 nimis
762 464 891 508 scripsi
916 465 1058 499 venis.
1098 463 1153 497 Cf.
1180 463 1290 507 Prop.
1319 463 1369 497 II.
1400 464 1451 503 10,
1472 464 1526 498 49.
1547 465 1600 498 511.
1629 475 1703 497 non

152 514 214 548 ille
240 513 430 548 Antilochi
457 513 607 547 vidisset
632 523 762 556 corpus
788 511 937 551 humati,
972 511 1110 545 diceret
1136 516 1198 544 aut
1225 510 1255 544 Ο
1281 522 1388 551 mors,
1416 522 1481 544 cur
1506 511 1596 544 mihi
1623 522 1703 545 sera

151 561 276 596 venis?
318 560 373 594 De
400 561 579 595 sententia
606 559 687 593 vide
713 562 903 603 praeterea
930 557 1003 592 Cic.
1031 558 1108 592 Cat.
1135 557 1220 592 Mai.
1247 557 1357 592 VIII.
1386 558 1440 592 25.

245 608 298 643 53.
339 608 463 651 Neque
504 618 626 640 versus
668 609 820 650 propter
854 606 1022 639 vitiosam
1056 608 1137 649 post
1172 605 1323 639 tertium
1357 605 1488 648 pedem
1524 606 1702 640 diaeresin

151 655 322 690 serendus
348 667 414 689 nec
442 654 619 689 sententia
645 664 732 687 sana
758 657 831 687 est:
860 653 953 686 male
980 652 1097 687 facere
1124 653 1185 696 qui
1211 653 1309 693 velit,
1337 652 1380 686 ab
1399 652 1592 686 honestate
1620 665 1702 687 eum

150 702 350 747 improbari
376 713 481 736 nemo
507 704 570 741 est,
599 701 655 734 cui
681 700 718 734 id
743 700 811 735 hac
837 700 1016 734 sententia
1043 699 1279 733 sanciendum
1305 710 1380 733 esse
1408 699 1586 734 videatur.
1615 712 1701 743 quo-

151 750 250 784 niam
276 749 376 783 nullo
403 751 572 783 monente
598 748 830 792 perspicitur.
882 747 948 789 Qui
973 747 1064 781 vitio
1092 748 1160 781 etsi
1186 746 1355 790 Meyerus
1381 758 1415 790 p.
1436 747 1490 781 27.
1518 746 1585 780 hac
1620 759 1702 781 con-

150 798 290 831 iectura
315 796 452 830 mederi
477 795 610 830 voluit:
635 794 795 836 „Malam
821 806 897 829 rem
924 806 1005 828 011111
1030 794 1120 828 velis
1146 794 1348 834 honestare,
1376 794 1598 838 improbes,‘-'
1636 806 1703 829 nec

152 848 275 878 tamen
301 843 522 878 sententiam
547 843 665 887 ipsam
690 853 756 876 nec
774 853 942 876 numeros
961 842 1111 877 sanavit.
1150 841 1354 876 Ribbeckio
1373 846 1494 875 autem
1511 841 1594 876 vilis
1621 853 1702 876 sen-

151 892 267 926 tentia
304 890 446 924 videtur
483 890 641 924 numeris
679 889 817 924 fractis.
879 888 1059 932 Equidem
1097 890 1245 933 poetam
1282 888 1348 922 hac
1387 889 1568 923 sententia
1606 889 1703 924 idem

152 941 388 983 praeceptum
421 938 550 972 docere
582 937 740 971 voluisse
773 936 893 977 credo,
930 936 1027 980 quod
1064 935 1273 970 Stoicorum
1305 936 1499 980 disciplina
1524 937 1703 970 traditum

153 997 231 1020 esse
266 984 404 1019 Seneca
438 984 603 1029 pluribus
638 984 726 1018 10013
764 983 887 1018 refert.
939 983 1010 1027 Qui
1042 983 1189 1027 quidem
1224 986 1262 1017 ut
1295 995 1406 1017 unum
1439 983 1575 1017 bonum
1607 985 1705 1027 quod

151 1033 346 1068 honestum
371 1035 424 1066 est
451 1032 513 1076 (cf.
541 1030 624 1066 Sen.
651 1042 705 1075 ep.
733 1030 844 1065 VIII.
871 1032 893 1065 2
918 1031 997 1076 (71)
1022 1031 1054 1065 -1,
1084 1031 1135 1065 19.
1161 1030 1228 1066 ΙΧ.
1257 1031 1276 1065 3
1305 1031 1394 1075 (74).
1424 1032 1455 1066 1.
1483 1030 1550 1064 IX.
1579 1033 1599 1066 5
1626 1032 1706 1076 (76)

154 1081 185 1116 6.
212 1080 264 1125 7.)
302 1085 338 1113 et
363 1079 557 1113 honestum
581 1079 618 1112 in
640 1078 806 1112 omnibus
832 1090 898 1123 par
924 1089 1002 1113 esse
1028 1079 1215 1122 ipsamque
1240 1079 1416 1112 virtutem
1440 1078 1478 1111 111
1504 1083 1608 1122 parte
1635 1090 1709 1113 me-

154 1127 244 1161 liore
278 1127 396 1160 nostri
429 1127 451 1160 i.
478 1138 507 1161 e.
543 1127 581 1160 111
615 1126 756 1160 ratione
782 1127 939 1170 positam
964 1137 1041 1160 esse
1066 1125 1194 1159 volunt
1229 1124 1328 1169 (Sen.
1357 1137 1414 1170 ep.
1443 1124 1552 1161 VIII.
1580 1127 1600 1161 2
1630 1127 1711 1171 (71)

155 1175 228 1219 32.)
262 1185 353 1217 quae
385 1174 436 1207 ita
462 1177 497 1207 et
525 1184 606 1208 suos
633 1184 801 1207 numeros
828 1173 962 1207 habeat
988 1178 1023 1206 et
1050 1172 1158 1217 plena
1185 1173 1240 1213 sit,
1268 1176 1307 1206 ut
1333 1185 1407 1207 non
1433 1177 1573 1207 creseat
1600 1169 1704 1217 (Seu.

156 1233 210 1266 ep.
237 1220 348 1254 VIII.
376 1221 396 1255 2
423 1221 500 1265 (71)
529 1221 617 1265 16.);
645 1221 695 1254 310
722 1224 757 1254 et
782 1221 918 1254 malum
945 1220 1110 1254 desinere
1137 1231 1223 1261 esse,
1251 1220 1298 1254 ad
1316 1231 1421 1263 quem
1446 1221 1561 1255 virtus
1590 1222 1703 1255 intra-

155 1269 260 1308 verit,
296 1271 331 1302 et
364 1279 456 1309 eum,
491 1268 552 1311 qui
580 1268 706 1301 vitium
738 1279 859 1308 unum,
900 1267 1021 1301 omnia
1047 1267 1181 1301 habere
1215 1267 1441 1301 contendunt
1474 1267 1520 1303 cf.
1549 1268 1632 1303 Sen.
1660 1269 1706 1303 de

159 1315 276 1350 benef.
304 1314 349 1348 V.
386 1316 438 1354 12,
468 1316 498 1349 5.
530 1316 579 1355 15,
609 1316 639 1349 ’1.
691 1313 808 1358 Quare
841 1315 909 1348 hoc
936 1315 1064 1358 ipsum,
1099 1314 1196 1358 quod
1228 1315 1266 1348 in
1292 1316 1474 1349 sententia
1499 1315 1708 1350 Publiliana

155 1374 335 1396 summum
369 1366 457 1401 erat,
494 1362 729 1395 librariorum
762 1362 902 1396 incuria
934 1362 1232 1406 praetermissum
1265 1373 1464 1406 versusque
1498 1363 1591 1398 hanc
1627 1374 1706 1398 sen-

154 1410 309 1444 tentiam
335 1420 414 1443 esse
441 1409 626 1444 existimo:
666 1410 726 1452 qui
752 1421 862 1443 unum
888 1409 1025 1453 aliquid
1050 1409 1146 1443 male
1172 1409 1291 1444 facere
1316 1409 1414 1450 velit,
1449 1422 1530 1444 eum
1560 1422 1708 1445 omnem

156 1457 385 1490 honestatem
412 1456 606 1500 deponere.

252 1504 305 1538 54.
345 1503 427 1537 Hoc
459 1503 595 1537 malum
629 1504 821 1538 consilium
855 1504 943 1538 dicit
971 1505 1089 1547 poeta,
1125 1514 1195 1547 quo
1222 1503 1413 1538 deficiente
1439 1517 1511 1539 non
1537 1505 1583 1539 ad
1609 1505 1712 1540 aliud

158 1551 354 1595 quodpiam
379 1551 555 1584 transitus
582 1551 699 1584 det-ur.
741 1550 958 1594 „Nunquam
991 1554 1026 1584 te
1052 1550 1216 1584 involvas
1243 1551 1419 1585 eiusmodi
1445 1553 1551 1593 nodo,
1578 1556 1618 1587 ut
1646 1565 1708 1587 ex-

158 1599 297 1642 plicare
330 1601 366 1632 te
399 1609 472 1631 non
504 1598 631 1642 possis.
682 1597 792 1632 Hunc
817 1610 961 1632 versum
987 1598 1182 1632 adiecimus
1209 1610 1253 1631 ex
1279 1599 1375 1632 Aulo
1402 1597 1557 1635 Gellio.“
1595 1600 1706 1634 Eras-

158 1657 248 1679 mus.
276 1644 332 1679 Cf.
360 1644 610 1679 Taubmannn.
638 1645 684 1679 ad
709 1644 828 1680 Plaut.
855 1645 961 1679 Truc.
988 1645 1115 1685 1V.=i,
1150 1646 1203 1680 15.
1231 1645 1310 1680 Liv.
1339 1647 1394 1685 31.
1422 1647 1477 1682 32.

255 1694 309 1727 55.
337 1691 443 1735 Quod
468 1693 547 1736 quis
572 1692 733 1738 maligne
757 1693 795 1726 in
821 1693 977 1736 aliquem
995 1693 1091 1732 iecit,
1120 1692 1156 1725 id
1174 1693 1277 1726 unius
1296 1694 1452 1727 auctoris
1472 1695 1709 1729 maledictum

158 1751 242 1774 mox
268 1740 304 1773 in
330 1739 490 1773 omnium
524 1751 588 1773 ora
614 1740 737 1774 venire
772 1740 874 1775 solet.
921 1740 975 1774 Cf.
1004 1740 1125 1784 Quint.
1155 1739 1198 1775 V.
1227 1741 1256 1780 3,
1288 1741 1316 1775 1.
1344 1739 1494 1775 Famam
1520 1745 1626 1785 atque
1652 1753 1711 1776 ru-

161 1798 280 1821 mores
307 1798 390 1830 pars
420 1787 534 1821 altera
561 1799 777 1822 consensum
803 1788 958 1821 civitatis
985 1791 1019 1821 et
1046 1787 1147 1821 velut
1172 1787 1358 1830 publicum
1384 1789 1633 1823 testimonium
1650 1801 1713 1823 vo-

163 1838 231 1874 cat,
269 1834 384 1868 altera
419 1845 623 1868 sermonem
657 1835 733 1868 31110
767 1834 841 1869 11110
869 1838 967 1869 certo
994 1838 1142 1868 auctore
1168 1834 1383 1878 dispersum,
1419 1837 1475 1869 cui
1502 1837 1712 1881 malignitas

161 1882 307 1915 initium
339 1881 491 1921 dederit,
531 1882 795 1916 incrementum
829 1881 1035 1917 credulitas.
1076 1881 1158 1916 Sen.
1186 1881 1230 1915 de
1257 1886 1371 1917 const.
1399 1895 1473 1927 sap.
1501 1883 1651 1919 XVIII.
1679 1885 1711 1919 4.

161 1928 267 1963 Publ.
292 1927 312 1962 1
342 1929 383 1963 14
408 1929 522 1973 (243).

256 1976 311 2010 56.
349 1975 405 2010 De
440 1977 621 2010 sententia
655 1976 700 2011 cf.
727 1975 833 2010 Publ.
859 1975 897 2009 H
924 1977 943 2010 3
971 1976 1082 2021 (205).
1123 1975 1207 2011 Sen.
1234 1980 1306 2012 nat.
1335 1983 1474 2021 quaest.
1503 1978 1570 2013 VI.
1599 1980 1654 2019 32,
1683 1979 1716 2014 4.

161 2022 295 2067 pusilla
321 2034 377 2056 res
404 2026 458 2056 est
484 2023 640 2057 hominis
669 2024 799 2063 31111113,
829 2023 892 2057 sed
917 2023 1045 2067 ingens
1071 2034 1127 2057 res
1155 2027 1383 2068 contemptus
1416 2027 1569 2061 animae.

257 2069 312 2104 57.
351 2068 541 2104 Sententia
574 2082 619 2104 ex
644 2070 792 2104 Horatii
825 2070 889 2104 illa
922 2069 1057 2104 fabella
1084 2069 1199 2105 Serm.
1226 2070 1278 2107 ΙΙ.
1307 2072 1337 2111 6,
1366 2073 1539 2108 79-11J.
1567 2077 1717 2108 narrata

163 2116 207 2150 de
240 2116 403 2150 muribus
438 2117 575 2151 urbano
609 2121 643 2151 et
676 2118 813 2152 rustico
845 2118 991 2152 videtur
1024 2117 1318 2161 interpretanda:
1357 2119 1493 2154 Misera
1531 2121 1712 2165 voluptaS‚

164 2175 319 2207 quacum
343 2164 497 2207 periculi
521 2164 670 2198 alicuius
697 2165 874 2208 cogitatio
901 2165 1093 2198 coniuncta
1119 2168 1183 2200 est.

260 2211 314 2245 58.
342 2210 499 2255 Scripsi:
539 2211 587 2246 M.
615 2213 690 2245 vin
703 2212 763 2246 cit
791 2212 894 2252 iam,
922 2213 974 2245 ita
998 2216 1037 2245 ut
1064 2223 1094 2244 v.
1123 2212 1211 2246 iam
1236 2213 1274 2247 id
1300 2213 1490 2258 significet,
1527 2215 1716 2259 quod,nos

165 2258 317 2292 dicimus
351 2258 529 2302 „gleich
546 2259 604 2293 vel
623 2259 852 2304 sogleich··'
885 2263 922 2293 et
940 2259 986 2293 ad
1011 2270 1053 2292 03
1078 2270 1169 2302 quae
1197 2264 1397 2303 sequuntur
1422 2262 1614 2296 referatur.
1660 2263 1715 2298 Of.

166 2304 268 2339 Publ.
297 2304 330 2339 G
356 2306 376 2340 3
403 2305 517 2350 (196).
557 2305 644 2340 Sall.
671 2307 748 2340 Cat.
778 2307 831 2341 52.
872 2307 902 2340 si
926 2306 1130 2351 paullulum
1168 2307 1278 2341 modo
1304 2320 1367 2341 vos
1406 2308 1581 2354 languere
1617 2311 1716 2345 vide-

167 2353 250 2393 rint⁷
277 2352 364 2386 iam
398 2364 520 2387 omnes
554 2354 692 2388 feroces
727 2354 892 2389 aderunt.
955 2353 1043 2387 Eius
1071 2354 1269 2397 particulae
1297 2356 1531 2391 oblitteratae
1561 2358 1718 2403 vestigia

168 2400 205 2432 in
222 2399 402 2443 scriptura
421 2400 555 2434 codicis
582 2400 610 2434 T
629 2401 910 2444 deprehendisse
928 2401 1018 2434 mihi
1044 2401 1180 2441 videor,
1209 2413 1291 2435 cum
1317 2403 1554 2438 audaciam
1581 2405 1716 2439 nullius

168 2457 293 2480 sensus
327 2458 459 2480 nomen
490 2448 674 2482 vocabulis
700 2448 795 2482 male
821 2448 1023 2482 coniunctis
1050 2452 1171 2481 ortum
1197 2451 1360 2493 suspicer
1386 2462 1431 2484 ex
1455 2452 1715 2486 vincitiam.

169 2493 213 2527 In
239 2493 367 2528 eodem
394 2495 539 2528 nomine
565 2496 683 2529 clani
710 2495 882 2529 odoratus
910 2499 964 2530 est
992 2495 1220 2539 Spengelius.

258 2541 318 2576 59.
346 2540 505 2575 Videtur
542 2545 649 2586 poe'ta
691 2541 883 2576 Caesarem
920 2542 1007 2582 belli
1041 2543 1158 2576 civilis
1185 2544 1360 2578 victorem
1387 2546 1589 2587 ostendere,
1618 2547 1718 2581 cuius

170 2588 207 2620 in
232 2588 347 2622 victos
374 2588 601 2623 adversarios
628 2594 730 2623 tanta
759 2589 950 2624 clementia
976 2594 1063 2628 erat,
1092 2592 1131 2623 ut
1154 2591 1262 2624 etiam
1290 2592 1395 2626 laude
1422 2593 1531 2633 digna
1551 2593 1721 2628 Ciceroni

170 2635 365 2670 videretur.
394 2635 447 2671 Cf.
474 2648 539 2680 pro
566 2636 686 2671 Deiot.
714 2637 816 2671 XIV.
847 2638 902 2672 40.
930 2649 995 2681 pro
1022 2637 1143 2681 Ligar.
1170 2637 1259 2672 XII.
1287 2640 1359 2674 32:
1398 2635 1490 2673 nihil
1525 2644 1581 2674 est·
1611 2642 1718 2681 enim,

170 2681 298 2725 inquit,
333 2687 408 2716 tam
442 2684 627 2727 populare,
669 2695 777 2728 quam
809 2684 971 2726 bonitas3
1010 2684 1109 2718 nulla
1144 2684 1189 2718 de
1215 2686 1409 2720 virtutibus
1444 2687 1515 2720 tuis
1555 2688 1721 2727 plurimis

171 2739 236 2762 nec
270 2729 521 2764 admirabilior
554 2743 619 2766 nec
653 2731 795 2776 gratior
826 2731 1074 2767 misericordia
1108 2735 1172 2766 est.
1223 2732 1400 2767 Homines
1435 2735 1531 2768 enini
1555 2728 1609 2769 ⁶ad
1636 2736 1724 2769 deos

1448 2793 1512 2827 13*
