1967 3090
917 126 964 130 -
1031 104 1116 145 212
1179 127 1234 134 —-

298 216 373 259 ipsa
410 228 447 249 re
475 217 658 260 trepidare
685 217 853 253 nolueris,
885 223 968 252 ante
996 231 1070 252 rem
1099 230 1235 253 exerce.
1286 218 1387 253 Caec.
1414 219 1517 254 Balb.
1545 232 1579 264 p.
1607 220 1661 255 39.
1688 219 1768 255 Par.
1797 222 1839 255 21

297 263 411 306 fficnt.
444 264 546 299 141.»

395 311 446 344 1ἶ.
491 311 546 345 De
585 313 763 346 sententia
799 312 843 347 cf.
883 312 993 357 Soph.
1034 313 1121 346 Oed.
1151 313 1226 348 Col.
1272 314 1509 348 1191—1193.
1549 314 1674 349 Herm.
1715 315 1843 359 ἔφυσας

297 356 425 390 ιιῦτόν·
461 359 549 391 dicre
593 362 639 402 μή
674 374 711 403 7⁵
747 358 889 404 δρῶντά
922 373 957 392 σε
990 361 1064 392 τῶν
1091 362 1237 393 κάκιστα
1264 358 1561 402 (ἳυςοελόεοῖάτων,
1587 362 1708 406 πάτερ,
1739 361 1841 404 θέμις

297 405 363 448 ‹Je'y'
392 404 479 437 rimu
507 406 677 453 ἀντιδρᾶν
704 408 829 442 κακῶς.
872 407 980 451 Verg.
1015 408 1106 441 Aen.
1138 407 1202 442 VI.
1238 408 1435 442 &RQ—62¹3.
1476 408 1559 442 Seu.
1594 409 1638 442 de
1673 409 1775 444 clem.
1811 407 1842 444 Ῑ.

302 453 350 490 14.
379 454 410 486 ζ).
439 453 469 486 3.
506 461 648 497 patrem
683 454 826 497 quidem
862 456 1001 498 patriae
1029 454 1301 498 adpellavimus,
1338 458 1377 487 ut
1403 455 1509 488 sciret
1536 455 1658 489 datam
1685 455 1752 489 sibi
1778 467 1840 500 po-

296 503 465 532 testatem
479 502 646 545 patriam.
663 513 754 545 quae
769 506 824 535 est
839 503 1152 546 temperatissima,
1171 502 1292 535 liberis
1308 502 1501 536 consulens
1517 514 1650 546 suaque
1666 506 1749 546 post
1762 502 1844 537 illos

297 556 486 589 reponens
520 549 622 583 tarde
658 549 725 582 sibi
760 553 866 593 pater
898 549 1061 582 membra
1094 561 1156 582 sua
1183 549 1358 583 abscidat.
1392 549 1501 583 etiam
1529 562 1610 583 cum
1636 550 1843 592 absciderit,

297 604 473 637 reponere
501 597 620 640 cupiat
650 600 684 630 ct
712 597 748 629 in
774 596 1022 630 abscindendo
1050 601 1171 640 gemat
1198 599 1388 629 cunctatus
1415 597 1567 630 multum
1594 597 1736 640 diuque.

394 643 447 677 le.
475 642 628 678 Diversa
655 647 736 677 sunt
764 644 937 677 donare
964 647 999 677 et
1026 644 1152 684 dare,
1182 643 1273 677 illud
1300 642 1482 687 significat
1500 647 1644 689 gratum
1663 644 1720 678 vel
1738 643 1845 678 bene-

297 686 417 722 ficium
444 690 529 724 dare
557 691 674 731 alicui,
712 692 778 724 hoc
805 691 842 724 iu
867 702 994 724 manus
1022 691 1191 734 quicquid
1219 694 1273 724 est
1298 691 1442 724 tradere
1475 692 1519 725 cf.
1548 691 1631 726 Sen.
1658 691 1703 725 de
1729 690 1847 726 benef.

297 734 370 768 Ill.
397 740 430 778 ὅ,
458 740 488 772 3.
522 738 736 772 beneficium
763 742 817 772 est
851 739 987 772 donata
1013 739 1193 782 possessio
1221 743 1310 781 etqs.
1349 738 1446 771 Hinc
1474 739 1630 782 primum
1656 739 1790 772 codicis
1817 738 1847 772 Τ

297 783 516 827 scripturam
543 790 642 820 recte
670 798 706 819 se
734 786 867 819 habere
895 789 1057 829 apparet.
1111 785 1192 819 Hoc
1220 787 1314 818 enim
1342 787 1520 819 sententia
1547 786 1654 819 docet
1679 797 1760 819 eum
1786 785 1847 819 be-

297 830 416 864 neficii
450 832 629 866 iacturam
663 833 792 873 facere,
826 833 1039 866 beneficium
1067 845 1138 867 non
1165 833 1256 866 bene
1283 833 1475 873 collocare,
1504 834 1564 866 ubi
1592 833 1632 873 is,
1672 833 1730 866 cui
1756 832 1848 866 bene

298 877 434 920 fecerit,
462 891 533 913 non
561 881 775 914 meminerit.
804 879 857 915 Cf.
886 880 989 913 Publ.
1018 880 1047 914 O
1076 881 1106 915 9.
1133 880 1244 924 (444).
1284 879 1364 913 Iam
1392 881 1489 923 quod
1514 879 1543 913 F
1568 880 1731 924 praebet,
1759 880 1848 913 nisi

297 930 365 958 est
404 928 624 961 memoria
668 949 710 952 —
749 927 846 970 quod
878 928 907 960 si
932 931 1031 960 recte
1061 939 1097 960 se
1124 927 1273 960 haberet
1299 939 1375 961 esse
1403 928 1571 962 deberet:
1600 928 1636 960 si
1663 939 1752 961 non
1778 930 1849 961 est

297 983 405 1006 mem
416 975 513 1008 oria
539 974 584 1008 cf.
613 974 773 1019 Madvig.
801 974 924 1008 Grani.
953 977 983 1017 ξ.
1011 974 1079 1008 4ὃὸ
1106 974 1139 1009 b.
1168 995 1210 998 -—
1238 977 1300 1007 aut
1327 974 1510 1008 scribendi
1538 986 1660 1008 errore
1687 978 1748 1008 aut
1774 984 1845 1018 quo

298 1021 412 1065 magis
446 1022 596 1055 inclinat
629 1023 779 1060 animus,
816 1022 893 1055 eius
926 1021 1180 1065 interpretatio
1207 1025 1272 1062 est,
1308 1022 1404 1064 quod
1432 1021 1631 1055 Publilium
1659 1021 1848 1065 scripsisse

297 1068 475 1103 arbitror:
504 1069 635 1102 nulla
661 1069 886 1103 memoria.
929 1068 997 1102 Est
1024 1069 1120 1101 enim
1146 1068 1336 1108 ablativus
1365 1069 1426 1112 qui
1452 1069 1585 1102 dicitur
1610 1069 1718 1108 modi,
1747 1068 1848 1102 cuius

297 1127 338 1148 ea
356 1120 516 1159 potestas
536 1120 601 1156 est,
631 1121 668 1150 ut
688 1128 776 1156 eam,
806 1128 875 1159 qua
893 1116 979 1159 quid
998 1117 1132 1149 factum
1161 1116 1206 1148 sit
1233 1127 1354 1149 rerum
1380 1116 1631 1149 condicionem
1658 1115 1847 1159 significet.

305 1162 393 1197 Vide
427 1174 468 1197 ea
503 1175 593 1206 quae
620 1163 884 1208 disputavimus
919 1164 965 1196 ad
992 1162 1095 1196 Publ.
1123 1162 1163 1196 M
1188 1163 1233 1197 45
1259 1163 1372 1207 (23:36).
1412 1163 1551 1196 Eadem
1577 1163 1728 1196 ablativi
1753 1163 1846 1197 ratio

298 1214 353 1243 est
378 1210 414 1243 in
442 1211 620 1245 adiectivo
647 1211 819 1251 nullus,
847 1211 943 1254 quod
969 1222 1049 1244 cum
1076 1211 1303 1244 substantivo
1338 1210 1571 1244 coniunctum
1598 1209 1749 1243 eandem
1774 1210 1848 1243 iere

297 1258 577 1301 explicationem
624 1258 786 1292 admittit
824 1262 931 1301 atque
970 1257 1050 1297 illa,
1090 1268 1197 1300 quam
1238 1257 1468 1301 grannnatici
1510 1260 1658 1298 vocant,
1699 1256 1849 1290 ablativi

297 1305 454 1339 absoluti
489 1306 721 1340 constructio.
776 1305 828 1339 Ut
861 1305 953 1338 dixit
987 1304 1087 1339 Caes.
1124 1303 1199 1338 BG.
1230 1304 1282 1339 ΙΙ.
1317 1307 1369 1339 11.
1409 1305 1537 1338 castris
1576 1304 1712 1347 egressi
1746 1303 1847 1338 nullo

299 1356 398 1386 certo
433 1353 560 1387 ordine
595 1365 710 1396 neque
743 1353 908 1396 imperio.
961 1351 1029 1386 BC.
1057 1351 1130 1385 ΙΠ.
1163 1352 1237 1386 101.
1266 1352 1374 1385 11111113
1402 1352 1586 1391 custodiis,
1615 1351 1712 1395 quod
1736 1351 1848 1385 inter-

298 1405 492 1443 pretantur
531 1401 651 1444 „quod
683 1400 775 1433 nulli
809 1400 976 1433 custodes
1004 1399 1180 1443 disposita
1207 1403 1345 1434 e1·ant.··'
1380 1399 1471 1433 Hor.
1500 1398 1614 1433 Serm.
1642 1398 1670 1433 I.
1698 1399 1729 1440 1,
1755 1398 1847 1433 88—

300 1447 354 1481 90.
394 1452 430 1481 at
469 1449 497 1481 si
532 1452 718 1492 cognatos,
758 1447 857 1481 nullo
892 1450 1042 1480 naturae
1076 1446 1201 1480 labore
1235 1458 1324 1490 quos
1350 1446 1417 1480 tibi
1454 1447 1527 1487 dat,
1560 1445 1714 1480 retinere
1740 1445 1847 1480 velis:

296 1506 404 1537 quem
436 1495 555 1529 locum
582 1495 768 1529 bentleius
796 1495 846 1528 sic
872 1494 1049 1538 explicat:
1091 1506 1180 1538 quos
1207 1494 1347 1528 scilicet
1372 1498 1501 1527 natura
1527 1496 1664 1537 sponte,
1692 1493 1787 1526 ultro
1813 1496 1848 1526 et

297 1543 458 1585 gratuito
485 1543 553 1576 tibi
580 1543 643 1576 dat
669 1543 763 1576 sine
790 1542 885 1575 ullo
913 1547 988 1574 tuo
1016 1541 1192 1576 labore.
1233 1541 1305 1575 Cic.
1325 1540 1402 1576 Mil.
1425 1543 1476 1575 lo.
1505 1540 1632 1574 obvius
1658 1539 1699 1573 fit
1716 1539 1848 1573 Miloni

299 1589 448 1624 Clodius
475 1590 676 1634 expeditus,
703 1590 740 1623 in
758 1600 858 1632 eque,
886 1588 987 1622 nulla
1004 1589 1126 1629 rheda,
1155 1588 1262 1622 nullis
1285 1588 1566 1632 impedimentis,
1594 1588 1704 1621 nullis
1732 1586 1844 1621 Grae-

299 1636 349 1669 cis
377 1637 580 1678 comitibus,
619 1641 657 1670 ut
686 1637 837 1677 solebat,
875 1637 951 1670 sine
978 1647 1101 1677 uxore,
1130 1636 1226 1679 quod
1253 1647 1434 1678 nunquam
1462 1635 1546 1670 fere.
1597 1634 1669 1668 Cic.
1696 1635 1775 1669 Att.
1802 1633 1848 1668 X.

302 1685 353 1717 ni.
379 1685 481 1718 nullo
509 1685 667 1729 negotio,
697 1684 777 1717 coll.
806 1695 872 1727 pro
900 1683 1008 1718 Rose.
1035 1683 1160 1718 Amer.
1189 1684 1242 1718 29.
1263 1683 1318 1717 8⁴1).
1345 1682 1425 1717 Liv.
1453 1683 1506 1722 30.
1527 1684 1558 1718 3.
1584 1681 1684 1716 nullo
1710 1681 1847 1716 ordine.

304 1731 409 1776 Verg.
436 1733 529 1766 Aen.
556 1732 586 1765 Ι.
613 1731 693 1766 574.
722 1732 822 1764 nullo
842 1731 1064 1765 discrimine.
1106 1730 1210 1765 Ovid.
1230 1730 1316 1764 Met.
1336 1729 1364 1764 I.
1383 1730 1438 1764 89.
1459 1730 1602 1763 vindice
1620 1728 1730 1763 nullo.
1751 1727 1847 1762 Vide

298 1777 346 1812 M.
383 1779 531 1813 Gesner.
572 1779 679 1813 Thes.
720 1790 745 1812 3.
784 1778 914 1812 111111113.
953 1777 1114 1821 Madvig.
1155 1777 1276 1812 Gram.
1310 1780 1339 1822 {-
1368 1777 1446 1811 257.
1496 1776 1552 1810 De
1587 1776 1765 1810 sententia
1799 1775 1845 1809 cf.

298 1826 379 1861 ben.
416 1827 460 1859 de
491 1827 609 1860 benef.
649 1825 699 1859 Π.
736 1826 792 1866 24,
828 1827 857 1860 ’1.
891 1826 991 1868 atqui
1024 1824 1117 1858 nihil
1150 1825 1266 1868 magis
1293 1823 1552 1868 praestandum
1578 1827 1641 1864 est,
1677 1834 1784 1866 quam
1808 1825 1849 1856 ut

298 1874 472 1907 memoria
498 1874 601 1907 nobis
629 1873 842 1906 meritorum
867 1872 1028 1906 haereat.
1057 1883 1147 1915 quae
1175 1872 1327 1905 subinde
1354 1871 1552 1905 reficienda
1579 1874 1642 1911 est,
1671 1870 1755 1914 quia
1781 1881 1847 1903 nec

298 1920 434 1954 referre
461 1925 581 1965 potest
607 1921 774 1965 gratiam,
802 1920 871 1953 nisi
899 1920 961 1963 qui
986 1919 1160 1959 meminit,
1190 1922 1225 1952 et
1252 1920 1312 1962 qui
1337 1919 1503 1952 meminit
1529 1929 1608 1952 eam
1626 1918 1752 1952 refert.
1779 1916 1847 1957 IV,

301 1968 352 2007 10.
381 1969 412 2003 3.
441 1968 484 2002 de
510 1969 572 2003 vit.
600 1968 694 2002 beat.
715 1967 856 2001 XXIV.
886 1968 916 2001 2.
945 1967 1005 2000 Ad
1031 1966 1181 1999 Publilii
1208 1977 1350 1999 versum
1374 1966 1518 1999 videtur
1543 1965 1744 2008 respexisse
1764 1963 1848 1998 Seu.

299 2015 341 2047 de
380 2015 497 2049 benef.
526 2015 592 2049 VI.
619 2017 650 2055 4,
680 2018 718 2049 6:
747 2015 875 2058 Saepe,
913 2014 1070 2057 inquam,
1110 2013 1326 2047 beneficium
1359 2016 1482 2046 manet
1510 2024 1580 2054 >nec
1613 2012 1782 2052 debetur,
1819 2011 1848 2044 si

300 2068 421 2096 secuta
443 2067 497 2097 est
517 2063 665 2096 dantem
684 2062 921 2106 poenitentia,
949 2062 978 2094 si
1003 2062 1176 2094 miserum
1194 2072 1231 2094 se
1250 2061 1352 2101 dixit,
1380 2060 1476 2103 quod
1503 2060 1671 2100 dedisset,
1699 2059 1738 2099 si,
1766 2069 1848 2092 cum

298 2109 409 2149 daret.
439 2110 644 2154 suspiravit,
664 2110 805 2142 vultum
823 2109 986 2149 adduxit,
1014 2109 1208 2152 perdere
1234 2120 1278 2142 se
1297 2107 1481 2141 credidi
1495 2110 1524 2147 t,
1552 2118 1641 2140 non
1659 2106 1845 2140 donare.

383 2158 435 2192 19.
451 2157 547 2191 Η1116
568 2157 770 2191 sententiae
789 2160 844 2189 tot
865 2159 1061 2199 tantaeque
1083 2155 1253 2189 tenebrae
1273 2155 1518 2195 offunduntur,
1542 2157 1581 2188 ut
1594 2154 1654 2187 vix
1670 2153 1842 2197 reperias,

298 2216 367 2247 qua
393 2206 534 2239 ratione
560 2215 735 2249 emergas,
786 2203 862 2237 Nec
889 2203 1070 2236 immerito
1096 2214 1240 2236 versum
1266 2202 1450 2236 exclusum
1472 2201 1625 2234 Bothius
1652 2200 1706 2234 his
1724 2199 1844 2233 verbis

299 2253 547 2295 prosequitur:
579 2251 676 2294 „Ista
704 2254 824 2284 autem
842 2250 984 2284 Probi
1003 2251 1180 2284 delicta
1205 2250 1343 2283 iudex
1369 2249 1528 2292 legens
1555 2247 1735 2282 deterit
1761 2246 1847 2290 quid

299 2299 367 2332 sibi
402 2300 524 2339 velint,
565 2310 671 2332 nemo
707 2301 886 2341 exputet.“
929 2297 974 2330 In
999 2298 1043 2330 iis
1069 2308 1165 2337 vero,
1202 2308 1293 2340 quae
1318 2297 1380 2329 alii
1405 2296 1557 2329 remedii
1582 2306 1690 2328 causa
1714 2304 1844 2338 propo-

298 2351 458 2387 suerunt,
498 2347 568 2379 tria
601 2346 829 2389 potissimum
856 2348 949 2383 sunt,
988 2356 1079 2388 quae
1117 2344 1314 2377 offendant.
1375 2343 1540 2377 Primum
1579 2342 1676 2376 enim
1712 2341 1846 2375 delicta

300 2394 451 2436 probi,
489 2405 595 2436 quem
630 2392 810 2426 Publilius
845 2393 995 2424 virum
1029 2392 1192 2424 bonum
1218 2391 1338 2424 dicere
1365 2390 1457 2424 solet
1485 2390 1529 2424 cf.
1557 2389 1587 2422 B
1615 2390 1656 2423 31
1684 2388 1774 2433 (74).
1813 2387 1844 2421 Β

299 2441 339 2473 41
368 2441 455 2484 (54).
496 2441 526 2473 Β
553 2441 607 2474 43.
652 2439 678 2472 V
714 2441 753 2473 15
779 2439 891 2483 (644).
920 2438 951 2471 V
981 2440 1024 2473 23
1052 2440 1154 2483 (651)
1179 2450 1259 2472 raro
1287 2438 1355 2470 nisi
1381 2439 1417 2470 in
1437 2436 1627 2471 contrariis
1653 2435 1846 2479 probum

299 2491 360 2520 aut
387 2488 550 2521 bonum
577 2487 622 2521 cf.
659 2486 688 2519 P
714 2487 760 2520 44
787 2487 900 2531 (493).
941 2484 973 2528 Q
999 2487 1043 2520 30
1069 2487 1170 2530 (530)
1195 2485 1276 2520 coll.
1316 2485 1354 2518 H
1380 2485 1424 2518 ⁴22
1449 2485 1560 2528 (⁴224).
1598 2482 1638 2517 M
1664 2484 1706 2517 3ῖ
1733 2482 1844 2526 (345).

298 2534 339 2567 M
367 2537 410 2569 60·
437 2535 548 2579 (3ῖῦ).
578 2534 607 2567 N
630 2534 673 2567 24
693 2534 810 2577 (401)ss
839 2534 902 2567 sed
929 2545 1009 2566 cum
1036 2533 1171 2566 delicta
1196 2532 1332 2576 probi
1358 2534 1615 2571 memorentur,
1642 2540 1715 2563 non
1740 2529 1846 2562 facile

299 2582 498 2615 concedam
534 2593 615 2615 eum
648 2581 767 2624 ipsum
802 2581 839 2613 in
865 2581 931 2613 hac
958 2581 1140 2614 sententia
1171 2580 1335 2623 probum,
1370 2590 1442 2612 non
1467 2579 1583 2611 virum
1608 2576 1764 2621 probum
1789 2575 1847 2609 vel

300 2629 434 2662 bonum
469 2629 541 2662 dici
567 2628 744 2662 debuisse.
803 2627 987 2670 Deinceps
1023 2639 1105 2660 cum
1139 2627 1343 2660 scribantur
1367 2626 1560 2670 participia
1586 2625 1660 2657 sive
1686 2624 1844 2667 legens

299 2677 373 2709 sive
398 2682 559 2720 tegens
589 2686 651 2708 seu
676 2674 950 2719 neglegens,
990 2674 1117 2717 quibus
1150 2684 1337 2717 personae,
1374 2683 1463 2716 quae
1489 2683 1554 2716 pro
1582 2671 1744 2704 subiecto
1779 2673 1844 2711 est,

299 2724 393 2757 actio
420 2722 655 2767 significetur,
684 2733 726 2755 ea
751 2725 898 2765 praeter
915 2721 1068 2754 Publilii
1093 2732 1197 2754 usum
1222 2720 1332 2754 scribi
1357 2732 1423 2763 pro
1451 2722 1548 2753 certo
1577 2717 1843 2756 affirmaverim,
