<?xml version="1.0" encoding="UTF-8"?>
<!DOCTYPE html PUBLIC "-//W3C//DTD XHTML 1.0 Transitional//EN"
    "http://www.w3.org/TR/xhtml1/DTD/xhtml1-transitional.dtd">
<html xmlns="http://www.w3.org/1999/xhtml" xml:lang="en" lang="en">
 <head>
  <title>
</title>
<meta http-equiv="Content-Type" content="text/html;charset=utf-8" />
  <meta name='ocr-system' content='tesseract 3.04.00' />
  <meta name='ocr-capabilities' content='ocr_page ocr_carea ocr_par ocr_line ocrx_word'/>
</head>
<body>
  <div class='ocr_page' id='page_1' title='image "./sententiae1880publuoft_0223.png"; bbox 0 0 1967 3090; ppageno 0'>
   <div class='ocr_carea' id='block_1_1' title="bbox 780 132 1096 175">
    <p class='ocr_par' dir='ltr' id='par_1_1' title="bbox 780 132 1096 175">
     <span class='ocr_line' id='line_1_1' title="bbox 780 132 1096 175; baseline 0 0"><span class='ocrx_word' id='word_1_1' title='bbox 780 132 1096 175; x_wconf 80' lang='lat'>—219—</span> 
     </span>
    </p>
   </div>
   <div class='ocr_carea' id='block_1_2' title="bbox 163 246 1723 2701">
    <p class='ocr_par' dir='ltr' id='par_1_2' title="bbox 167 246 1713 339">
     <span class='ocr_line' id='line_1_2' title="bbox 167 246 1713 292; baseline -0.003 -9"><span class='ocrx_word' id='word_1_2' title='bbox 167 249 292 288; x_wconf 86' lang='lat' dir='ltr'>cultat,</span> <span class='ocrx_word' id='word_1_3' title='bbox 319 251 359 281; x_wconf 88' lang='lat' dir='ltr'>ut</span> <span class='ocrx_word' id='word_1_4' title='bbox 385 248 538 290; x_wconf 82' lang='lat' dir='ltr'>quaesiti</span> <span class='ocrx_word' id='word_1_5' title='bbox 565 259 636 281; x_wconf 86' lang='lat' dir='ltr'>non</span> <span class='ocrx_word' id='word_1_6' title='bbox 662 247 935 292; x_wconf 73' lang='lat' dir='ltr'>investigentur,</span> <span class='ocrx_word' id='word_1_7' title='bbox 966 258 1074 290; x_wconf 88' lang='lat' dir='ltr'>quam</span> <span class='ocrx_word' id='word_1_8' title='bbox 1102 248 1152 281; x_wconf 85' lang='lat' dir='ltr'>sic</span> <span class='ocrx_word' id='word_1_9' title='bbox 1179 250 1301 281; x_wconf 88' lang='lat' dir='ltr'>tuetur</span> <span class='ocrx_word' id='word_1_10' title='bbox 1325 246 1507 287; x_wconf 80' lang='lat' dir='ltr'>Fortuna,</span> <span class='ocrx_word' id='word_1_11' title='bbox 1543 250 1580 280; x_wconf 88' lang='lat' dir='ltr'>ut</span> <span class='ocrx_word' id='word_1_12' title='bbox 1616 246 1713 280; x_wconf 91' lang='lat' dir='ltr'>omni</span> 
     </span>
     <span class='ocr_line' id='line_1_3' title="bbox 167 294 668 339; baseline -0.004 -9"><span class='ocrx_word' id='word_1_13' title='bbox 167 300 330 339; x_wconf 89' lang='lat' dir='ltr'>tempore</span> <span class='ocrx_word' id='word_1_14' title='bbox 357 295 473 328; x_wconf 88' lang='lat' dir='ltr'>securi</span> <span class='ocrx_word' id='word_1_15' title='bbox 499 294 668 339; x_wconf 66' lang='lat' dir='ltr'>degant&#39;*‘.</span> 
     </span>
    </p>

    <p class='ocr_par' dir='ltr' id='par_1_3' title="bbox 165 340 1715 526">
     <span class='ocr_line' id='line_1_4' title="bbox 260 340 1715 386; baseline -0.003 -10"><span class='ocrx_word' id='word_1_16' title='bbox 260 342 316 377; x_wconf 84' lang='lat'>48.</span> <span class='ocrx_word' id='word_1_17' title='bbox 342 341 397 375; x_wconf 89' lang='lat' dir='ltr'>De</span> <span class='ocrx_word' id='word_1_18' title='bbox 424 342 605 375; x_wconf 86' lang='lat' dir='ltr'>sententia</span> <span class='ocrx_word' id='word_1_19' title='bbox 631 342 674 375; x_wconf 89' lang='lat' dir='ltr'>cf.</span> <span class='ocrx_word' id='word_1_20' title='bbox 694 341 882 376; x_wconf 80' lang='lat' dir='ltr'>Menandr.</span> <span class='ocrx_word' id='word_1_21' title='bbox 910 344 1063 375; x_wconf 88' lang='lat' dir='ltr'>monost.</span> <span class='ocrx_word' id='word_1_22' title='bbox 1083 342 1162 376; x_wconf 86' lang='lat'><strong>435.</strong></span> <span class='ocrx_word' id='word_1_23' title='bbox 1193 340 1234 373; x_wconf 70' lang='grc' dir='ltr'>οὗ</span> <span class='ocrx_word' id='word_1_24' title='bbox 1252 341 1313 386; x_wconf 65' lang='grc' dir='ltr'>χρὴ</span> <span class='ocrx_word' id='word_1_25' title='bbox 1341 343 1459 386; x_wconf 62' lang='grc' dir='ltr'><em>ᾳὲρειιι</em></span> <span class='ocrx_word' id='word_1_26' title='bbox 1484 340 1529 373; x_wconf 77' lang='grc' dir='ltr'>τὰ</span> <span class='ocrx_word' id='word_1_27' title='bbox 1555 340 1715 385; x_wconf 72' lang='grc' dir='ltr'>πρόςθεν</span> 
     </span>
     <span class='ocr_line' id='line_1_5' title="bbox 165 387 1715 432; baseline -0.001 -10"><span class='ocrx_word' id='word_1_28' title='bbox 165 390 206 422; x_wconf 78' lang='grc' dir='ltr'>ἐν</span> <span class='ocrx_word' id='word_1_29' title='bbox 230 390 350 432; x_wconf 63' lang='grc' dir='ltr'>μνήμῃ</span> <span class='ocrx_word' id='word_1_30' title='bbox 377 390 476 424; x_wconf 80' lang='grc' dir='ltr'>κακά.</span> <span class='ocrx_word' id='word_1_31' title='bbox 527 389 702 423; x_wconf 82' lang='lat' dir='ltr'>Ribbeck.</span> <span class='ocrx_word' id='word_1_32' title='bbox 736 388 868 423; x_wconf 89' lang='lat' dir='ltr'>Coroll.</span> <span class='ocrx_word' id='word_1_33' title='bbox 903 400 937 432; x_wconf 88' lang='lat' dir='ltr'>p.</span> <span class='ocrx_word' id='word_1_34' title='bbox 965 387 1123 422; x_wconf 90' lang='lat' dir='ltr'>XCVII.</span> <span class='ocrx_word' id='word_1_35' title='bbox 1176 387 1249 423; x_wconf 87' lang='lat' dir='ltr'>Cic.</span> <span class='ocrx_word' id='word_1_36' title='bbox 1276 389 1321 422; x_wconf 87' lang='lat' dir='ltr'>ad</span> <span class='ocrx_word' id='word_1_37' title='bbox 1349 388 1469 422; x_wconf 86' lang='lat' dir='ltr'>Brut.:</span> <span class='ocrx_word' id='word_1_38' title='bbox 1512 388 1715 430; x_wconf 80' lang='lat' dir='ltr'>„sileamus,</span> 
     </span>
     <span class='ocr_line' id='line_1_6' title="bbox 167 435 1715 480; baseline -0.001 -10"><span class='ocrx_word' id='word_1_39' title='bbox 167 438 323 480; x_wconf 88' lang='lat' dir='ltr'>inquam,</span> <span class='ocrx_word' id='word_1_40' title='bbox 350 435 473 475; x_wconf 82' lang='lat' dir='ltr'>Brute,</span> <span class='ocrx_word' id='word_1_41' title='bbox 502 436 546 469; x_wconf 89' lang='lat' dir='ltr'>de</span> <span class='ocrx_word' id='word_1_42' title='bbox 572 437 660 475; x_wconf 88' lang='grc'>13113,</span> <span class='ocrx_word' id='word_1_43' title='bbox 688 446 733 469; x_wconf 86' lang='grc'>116</span> <span class='ocrx_word' id='word_1_44' title='bbox 760 446 954 479; x_wconf 85' lang='lat' dir='ltr'>augeamus</span> <span class='ocrx_word' id='word_1_45' title='bbox 981 435 1157 469; x_wconf 85' lang='lat' dir='ltr'>dolorem.</span> <span class='ocrx_word' id='word_1_46' title='bbox 1183 446 1268 468; x_wconf 86' lang='lat' dir='ltr'>nam</span> <span class='ocrx_word' id='word_1_47' title='bbox 1294 440 1328 469; x_wconf 88' lang='lat' dir='ltr'>et</span> <span class='ocrx_word' id='word_1_48' title='bbox 1357 436 1638 479; x_wconf 89' lang='lat' dir='ltr'>praeteritorum</span> <span class='ocrx_word' id='word_1_49' title='bbox 1660 445 1715 468; x_wconf 90' lang='lat' dir='ltr'>re-</span> 
     </span>
     <span class='ocr_line' id='line_1_7' title="bbox 166 482 1106 526; baseline -0.003 -8"><span class='ocrx_word' id='word_1_50' title='bbox 166 483 331 518; x_wconf 86' lang='lat' dir='ltr'>cordatio</span> <span class='ocrx_word' id='word_1_51' title='bbox 358 486 412 516; x_wconf 86' lang='lat' dir='ltr'>est</span> <span class='ocrx_word' id='word_1_52' title='bbox 438 483 567 516; x_wconf 83' lang='lat' dir='ltr'>acerba</span> <span class='ocrx_word' id='word_1_53' title='bbox 594 486 630 516; x_wconf 89' lang='grc'>61</span> <span class='ocrx_word' id='word_1_54' title='bbox 656 482 820 516; x_wconf 79' lang='lat' dir='ltr'>acerbior</span> <span class='ocrx_word' id='word_1_55' title='bbox 846 483 1106 526; x_wconf 42' lang='lat' dir='ltr'>exspectatio&amp;</span> 
     </span>
    </p>

    <p class='ocr_par' dir='ltr' id='par_1_4' title="bbox 163 528 1717 1045">
     <span class='ocr_line' id='line_1_8' title="bbox 261 528 1715 572; baseline -0.002 -7"><span class='ocrx_word' id='word_1_56' title='bbox 261 531 316 565; x_wconf 86' lang='lat'>49.</span> <span class='ocrx_word' id='word_1_57' title='bbox 343 530 457 564; x_wconf 82' lang='lat' dir='ltr'>Recte</span> <span class='ocrx_word' id='word_1_58' title='bbox 484 529 736 569; x_wconf 77' lang='lat' dir='ltr'>Woelfflinus,</span> <span class='ocrx_word' id='word_1_59' title='bbox 772 540 816 563; x_wconf 85' lang='lat' dir='ltr'>ne</span> <span class='ocrx_word' id='word_1_60' title='bbox 849 529 1028 563; x_wconf 83' lang='lat' dir='ltr'>scribatur</span> <span class='ocrx_word' id='word_1_61' title='bbox 1060 529 1208 572; x_wconf 87' lang='lat' dir='ltr'>probo</span> <span class='ocrx_word' id='word_1_62' title='bbox 1243 528 1359 562; x_wconf 86' lang='lat' dir='ltr'>bona</span> <span class='ocrx_word' id='word_1_63' title='bbox 1392 529 1511 562; x_wconf 84' lang='lat' dir='ltr'>fama</span> <span class='ocrx_word' id='word_1_64' title='bbox 1544 541 1590 564; x_wconf 90' lang='lat' dir='ltr'>m.</span> <span class='ocrx_word' id='word_1_65' title='bbox 1625 540 1654 563; x_wconf 87' lang='lat' dir='ltr'>e.</span> <span class='ocrx_word' id='word_1_66' title='bbox 1681 529 1715 562; x_wconf 91' lang='lat' dir='ltr'>h.</span> 
     </span>
     <span class='ocr_line' id='line_1_9' title="bbox 169 576 1716 620; baseline -0.001 -9"><span class='ocrx_word' id='word_1_67' title='bbox 169 578 237 612; x_wconf 91' lang='lat' dir='ltr'>hoc</span> <span class='ocrx_word' id='word_1_68' title='bbox 271 577 414 616; x_wconf 84' lang='lat' dir='ltr'>obiecit,</span> <span class='ocrx_word' id='word_1_69' title='bbox 449 577 546 620; x_wconf 90' lang='lat' dir='ltr'>quod</span> <span class='ocrx_word' id='word_1_70' title='bbox 579 588 686 610; x_wconf 90' lang='lat' dir='ltr'>nemo</span> <span class='ocrx_word' id='word_1_71' title='bbox 720 576 906 620; x_wconf 90' lang='lat' dir='ltr'>improbus</span> <span class='ocrx_word' id='word_1_72' title='bbox 932 576 1146 610; x_wconf 86' lang='lat' dir='ltr'>bonafama</span> <span class='ocrx_word' id='word_1_73' title='bbox 1173 576 1364 611; x_wconf 86' lang='lat' dir='ltr'>frueretur.</span> <span class='ocrx_word' id='word_1_74' title='bbox 1417 576 1570 610; x_wconf 80' lang='lat' dir='ltr'>Nauckii</span> <span class='ocrx_word' id='word_1_75' title='bbox 1595 580 1716 610; x_wconf 84' lang='lat' dir='ltr'>autem</span> 
     </span>
     <span class='ocr_line' id='line_1_10' title="bbox 167 623 1716 667; baseline -0.002 -8"><span class='ocrx_word' id='word_1_76' title='bbox 167 625 374 660; x_wconf 88' lang='lat' dir='ltr'>coniectura</span> <span class='ocrx_word' id='word_1_77' title='bbox 408 624 493 658; x_wconf 86' lang='lat' dir='ltr'>licet</span> <span class='ocrx_word' id='word_1_78' title='bbox 528 623 756 657; x_wconf 80' lang='lat' dir='ltr'>commodam</span> <span class='ocrx_word' id='word_1_79' title='bbox 791 624 1009 657; x_wconf 84' lang='lat' dir='ltr'>sententiam</span> <span class='ocrx_word' id='word_1_80' title='bbox 1042 623 1233 667; x_wconf 89' lang='lat' dir='ltr'>praebeat,</span> <span class='ocrx_word' id='word_1_81' title='bbox 1266 626 1389 656; x_wconf 84' lang='lat' dir='ltr'>tamen</span> <span class='ocrx_word' id='word_1_82' title='bbox 1420 623 1564 667; x_wconf 83' lang='lat' dir='ltr'>longius</span> <span class='ocrx_word' id='word_1_83' title='bbox 1591 623 1635 657; x_wconf 88' lang='lat' dir='ltr'>ab</span> <span class='ocrx_word' id='word_1_84' title='bbox 1662 624 1716 663; x_wconf 89' lang='lat' dir='ltr'>iis,</span> 
     </span>
     <span class='ocr_line' id='line_1_11' title="bbox 167 669 1715 716; baseline -0.001 -10"><span class='ocrx_word' id='word_1_85' title='bbox 167 683 259 716; x_wconf 88' lang='lat' dir='ltr'>quae</span> <span class='ocrx_word' id='word_1_86' title='bbox 293 672 330 704; x_wconf 90' lang='lat' dir='ltr'>in</span> <span class='ocrx_word' id='word_1_87' title='bbox 363 671 488 705; x_wconf 86' lang='lat' dir='ltr'>codice</span> <span class='ocrx_word' id='word_1_88' title='bbox 513 670 542 705; x_wconf 83' lang='lat' dir='ltr'><strong>F</strong></span> <span class='ocrx_word' id='word_1_89' title='bbox 574 671 709 714; x_wconf 82' lang='lat' dir='ltr'>scripta</span> <span class='ocrx_word' id='word_1_90' title='bbox 742 670 955 712; x_wconf 88' lang='lat' dir='ltr'>traduntur,</span> <span class='ocrx_word' id='word_1_91' title='bbox 987 671 1136 706; x_wconf 86' lang='lat' dir='ltr'>recedit.</span> <span class='ocrx_word' id='word_1_92' title='bbox 1188 669 1327 714; x_wconf 83' lang='lat' dir='ltr'>Scripsi</span> <span class='ocrx_word' id='word_1_93' title='bbox 1353 670 1483 714; x_wconf 80' lang='lat' dir='ltr'>probi</span> <span class='ocrx_word' id='word_1_94' title='bbox 1516 671 1715 704; x_wconf 80' lang='grc'>11313163.</span> 
     </span>
     <span class='ocr_line' id='line_1_12' title="bbox 167 717 1717 763; baseline -0.001 -11"><span class='ocrx_word' id='word_1_95' title='bbox 167 719 399 753; x_wconf 87' lang='lat' dir='ltr'>Vocabulum</span> <span class='ocrx_word' id='word_1_96' title='bbox 436 718 505 751; x_wconf 92' lang='lat' dir='ltr'>hoc</span> <span class='ocrx_word' id='word_1_97' title='bbox 539 717 720 762; x_wconf 87' lang='lat' dir='ltr'>significat</span> <span class='ocrx_word' id='word_1_98' title='bbox 756 718 942 763; x_wconf 85' lang='lat' dir='ltr'>sanguinis</span> <span class='ocrx_word' id='word_1_99' title='bbox 975 729 1016 751; x_wconf 92' lang='lat' dir='ltr'>ac</span> <span class='ocrx_word' id='word_1_100' title='bbox 1049 717 1209 751; x_wconf 90' lang='lat' dir='ltr'>familiae</span> <span class='ocrx_word' id='word_1_101' title='bbox 1242 718 1510 757; x_wconf 85' lang='lat' dir='ltr'>condicionem,</span> <span class='ocrx_word' id='word_1_102' title='bbox 1549 721 1589 750; x_wconf 89' lang='lat' dir='ltr'>ut</span> <span class='ocrx_word' id='word_1_103' title='bbox 1621 717 1717 760; x_wconf 88' lang='lat' dir='ltr'>apud</span> 
     </span>
     <span class='ocr_line' id='line_1_13' title="bbox 164 764 1717 809; baseline -0.003 -8"><span class='ocrx_word' id='word_1_104' title='bbox 164 766 250 801; x_wconf 86' lang='lat' dir='ltr'>Tac.</span> <span class='ocrx_word' id='word_1_105' title='bbox 278 766 348 800; x_wconf 88' lang='lat' dir='ltr'>An.</span> <span class='ocrx_word' id='word_1_106' title='bbox 374 764 442 800; x_wconf 85' lang='lat' dir='ltr'>XI.</span> <span class='ocrx_word' id='word_1_107' title='bbox 462 766 518 799; x_wconf 85' lang='lat'>21.</span> <span class='ocrx_word' id='word_1_108' title='bbox 546 765 590 798; x_wconf 88' lang='lat' dir='ltr'>de</span> <span class='ocrx_word' id='word_1_109' title='bbox 616 765 757 808; x_wconf 78' lang='lat' dir='ltr'>origine</span> <span class='ocrx_word' id='word_1_110' title='bbox 776 764 892 798; x_wconf 88' lang='lat' dir='ltr'>Curtii</span> <span class='ocrx_word' id='word_1_111' title='bbox 917 764 1011 805; x_wconf 87' lang='lat' dir='ltr'>Rufi,</span> <span class='ocrx_word' id='word_1_112' title='bbox 1046 776 1152 808; x_wconf 81' lang='lat' dir='ltr'>quem</span> <span class='ocrx_word' id='word_1_113' title='bbox 1171 764 1374 809; x_wconf 78' lang='lat' dir='ltr'>gladiatore</span> <span class='ocrx_word' id='word_1_114' title='bbox 1389 765 1554 808; x_wconf 76' lang='lat' dir='ltr'>genitum</span> <span class='ocrx_word' id='word_1_115' title='bbox 1573 765 1717 807; x_wconf 89' lang='lat' dir='ltr'>quidam</span> 
     </span>
     <span class='ocr_line' id='line_1_14' title="bbox 166 811 1716 858; baseline -0.002 -11"><span class='ocrx_word' id='word_1_116' title='bbox 166 813 361 858; x_wconf 87' lang='lat' dir='ltr'>prodidere</span> <span class='ocrx_word' id='word_1_117' title='bbox 365 839 513 853; x_wconf 84' lang='lat'>.....</span> <span class='ocrx_word' id='word_1_118' title='bbox 541 823 622 845; x_wconf 83' lang='lat' dir='ltr'>cuni</span> <span class='ocrx_word' id='word_1_119' title='bbox 647 812 745 846; x_wconf 89' lang='lat' dir='ltr'>hisce</span> <span class='ocrx_word' id='word_1_120' title='bbox 772 812 892 846; x_wconf 79' lang='lat' dir='ltr'>verbis</span> <span class='ocrx_word' id='word_1_121' title='bbox 912 811 1080 846; x_wconf 87' lang='lat' dir='ltr'>Tiberius</span> <span class='ocrx_word' id='word_1_122' title='bbox 1107 812 1261 846; x_wconf 87' lang='lat' dir='ltr'>dedecus</span> <span class='ocrx_word' id='word_1_123' title='bbox 1282 812 1508 845; x_wconf 87' lang='lat' dir='ltr'>natalium</span> <span class='ocrx_word' id='word_1_124' title='bbox 1527 811 1601 845; x_wconf 87' lang='lat' dir='ltr'>eius</span> <span class='ocrx_word' id='word_1_125' title='bbox 1620 811 1716 845; x_wconf 85' lang='lat' dir='ltr'>vela-</span> 
     </span>
     <span class='ocr_line' id='line_1_15' title="bbox 166 858 1717 894; baseline -0.001 0"><span class='ocrx_word' id='word_1_126' title='bbox 166 861 294 894; x_wconf 85' lang='lat' dir='ltr'>visset:</span> <span class='ocrx_word' id='word_1_127' title='bbox 347 859 492 893; x_wconf 86' lang='lat' dir='ltr'>Curtius</span> <span class='ocrx_word' id='word_1_128' title='bbox 518 858 633 893; x_wconf 78' lang='lat' dir='ltr'>Rufus</span> <span class='ocrx_word' id='word_1_129' title='bbox 666 859 808 893; x_wconf 82' lang='lat' dir='ltr'>videtur</span> <span class='ocrx_word' id='word_1_130' title='bbox 839 859 928 892; x_wconf 88' lang='lat' dir='ltr'>mihi</span> <span class='ocrx_word' id='word_1_131' title='bbox 961 870 1003 893; x_wconf 89' lang='lat' dir='ltr'>ex</span> <span class='ocrx_word' id='word_1_132' title='bbox 1034 871 1071 893; x_wconf 90' lang='grc'>36</span> <span class='ocrx_word' id='word_1_133' title='bbox 1096 863 1212 893; x_wconf 87' lang='lat' dir='ltr'>natus.</span> <span class='ocrx_word' id='word_1_134' title='bbox 1265 858 1320 893; x_wconf 88' lang='lat' dir='ltr'>Cf.</span> <span class='ocrx_word' id='word_1_135' title='bbox 1347 859 1431 893; x_wconf 89' lang='lat' dir='ltr'>Tac.</span> <span class='ocrx_word' id='word_1_136' title='bbox 1459 858 1557 892; x_wconf 79' lang='lat' dir='ltr'>Hist.</span> <span class='ocrx_word' id='word_1_137' title='bbox 1583 858 1632 892; x_wconf 88' lang='grc' dir='ltr'>Π.</span> <span class='ocrx_word' id='word_1_138' title='bbox 1661 859 1717 893; x_wconf 80' lang='grc'>86.</span> 
     </span>
     <span class='ocr_line' id='line_1_16' title="bbox 164 905 1716 951; baseline -0.002 -9"><span class='ocrx_word' id='word_1_139' title='bbox 164 907 266 951; x_wconf 69' lang='grc' dir='ltr'>Ρ1111.</span> <span class='ocrx_word' id='word_1_140' title='bbox 287 918 342 950; x_wconf 90' lang='lat' dir='ltr'>ep.</span> <span class='ocrx_word' id='word_1_141' title='bbox 371 905 436 940; x_wconf 91' lang='lat' dir='ltr'>VI.</span> <span class='ocrx_word' id='word_1_142' title='bbox 465 906 519 941; x_wconf 98' lang='lat'>23.</span> <span class='ocrx_word' id='word_1_143' title='bbox 548 905 657 940; x_wconf 83' lang='lat' dir='ltr'><strong>VIII.</strong></span> <span class='ocrx_word' id='word_1_144' title='bbox 687 906 741 941; x_wconf 78' lang='lat'>18.</span> <span class='ocrx_word' id='word_1_145' title='bbox 795 906 974 949; x_wconf 73' lang='lat' dir='ltr'>„Maxima</span> <span class='ocrx_word' id='word_1_146' title='bbox 1006 906 1189 940; x_wconf 82' lang='lat' dir='ltr'>hereditas</span> <span class='ocrx_word' id='word_1_147' title='bbox 1226 906 1350 940; x_wconf 88' lang='lat' dir='ltr'>liberis</span> <span class='ocrx_word' id='word_1_148' title='bbox 1378 918 1396 939; x_wconf 92' lang='lat' dir='ltr'>a</span> <span class='ocrx_word' id='word_1_149' title='bbox 1423 906 1636 950; x_wconf 87' lang='lat' dir='ltr'>parentibus</span> <span class='ocrx_word' id='word_1_150' title='bbox 1661 917 1716 939; x_wconf 88' lang='lat' dir='ltr'>re-</span> 
     </span>
     <span class='ocr_line' id='line_1_17' title="bbox 163 952 1716 997; baseline 0 -9"><span class='ocrx_word' id='word_1_151' title='bbox 163 955 250 989; x_wconf 88' lang='lat' dir='ltr'>licta</span> <span class='ocrx_word' id='word_1_152' title='bbox 276 956 331 987; x_wconf 89' lang='lat' dir='ltr'>est</span> <span class='ocrx_word' id='word_1_153' title='bbox 358 953 471 997; x_wconf 88' lang='lat' dir='ltr'>proba</span> <span class='ocrx_word' id='word_1_154' title='bbox 489 954 662 987; x_wconf 89' lang='lat' dir='ltr'>nascendi</span> <span class='ocrx_word' id='word_1_155' title='bbox 680 954 881 989; x_wconf 79' lang='lat' dir='ltr'>condicio“.</span> <span class='ocrx_word' id='word_1_156' title='bbox 932 953 989 987; x_wconf 88' lang='lat' dir='ltr'>De</span> <span class='ocrx_word' id='word_1_157' title='bbox 1007 954 1186 988; x_wconf 87' lang='lat' dir='ltr'>sententia</span> <span class='ocrx_word' id='word_1_158' title='bbox 1204 953 1248 988; x_wconf 89' lang='lat' dir='ltr'>cf.</span> <span class='ocrx_word' id='word_1_159' title='bbox 1270 953 1344 988; x_wconf 86' lang='lat' dir='ltr'>Cic.</span> <span class='ocrx_word' id='word_1_160' title='bbox 1365 953 1423 988; x_wconf 85' lang='lat' dir='ltr'>off.</span> <span class='ocrx_word' id='word_1_161' title='bbox 1442 952 1472 986; x_wconf 84' lang='lat' dir='ltr'>I.</span> <span class='ocrx_word' id='word_1_162' title='bbox 1493 954 1549 988; x_wconf 83' lang='lat'>33.</span> <span class='ocrx_word' id='word_1_163' title='bbox 1592 952 1716 997; x_wconf 74' lang='lat' dir='ltr'>Quint.</span> 
     </span>
     <span class='ocr_line' id='line_1_18' title="bbox 164 1000 1064 1054; baseline -0.001 -18"><span class='ocrx_word' id='word_1_164' title='bbox 164 1000 523 1042; x_wconf 81' lang='lat' dir='ltr'><strong>111.7,10.Publ.</strong></span> <span class='ocrx_word' id='word_1_165' title='bbox 550 1000 579 1034; x_wconf 93' lang='lat' dir='ltr'>B</span> <span class='ocrx_word' id='word_1_166' title='bbox 606 1001 650 1035; x_wconf 80' lang='lat'>40</span> <span class='ocrx_word' id='word_1_167' title='bbox 677 1002 767 1046; x_wconf 51' lang='grc'>(83).</span> <span class='ocrx_word' id='word_1_168' title='bbox 818 1001 856 1035; x_wconf 87' lang='grc' dir='ltr'>Η</span> <span class='ocrx_word' id='word_1_169' title='bbox 884 1002 926 1035; x_wconf 86' lang='grc'>15</span> <span class='ocrx_word' id='word_1_170' title='bbox 952 1002 1064 1054; x_wconf 79' lang='grc'>(217).</span> 
     </span>
    </p>

    <p class='ocr_par' dir='ltr' id='par_1_5' title="bbox 163 1040 1718 1188">
     <span class='ocr_line' id='line_1_19' title="bbox 260 1040 1718 1092; baseline -0.002 -9"><span class='ocrx_word' id='word_1_171' title='bbox 260 1049 315 1084; x_wconf 80' lang='lat'>50.</span> <span class='ocrx_word' id='word_1_172' title='bbox 343 1047 469 1082; x_wconf 88' lang='lat' dir='ltr'>Verba</span> <span class='ocrx_word' id='word_1_173' title='bbox 488 1048 539 1081; x_wconf 88' lang='lat' dir='ltr'>sic</span> <span class='ocrx_word' id='word_1_174' title='bbox 557 1040 801 1082; x_wconf 77' lang='lat' dir='ltr'>construenda</span> <span class='ocrx_word' id='word_1_175' title='bbox 821 1051 922 1083; x_wconf 87' lang='lat' dir='ltr'>sunt:</span> <span class='ocrx_word' id='word_1_176' title='bbox 949 1049 1010 1092; x_wconf 87' lang='lat' dir='ltr'>qui</span> <span class='ocrx_word' id='word_1_177' title='bbox 1029 1048 1148 1089; x_wconf 90' lang='lat' dir='ltr'>audet,</span> <span class='ocrx_word' id='word_1_178' title='bbox 1174 1048 1337 1092; x_wconf 88' lang='lat' dir='ltr'>pericula</span> <span class='ocrx_word' id='word_1_179' title='bbox 1355 1052 1439 1081; x_wconf 85' lang='lat' dir='ltr'>ante</span> <span class='ocrx_word' id='word_1_180' title='bbox 1458 1046 1580 1086; x_wconf 83' lang='lat' dir='ltr'>vincit,</span> <span class='ocrx_word' id='word_1_181' title='bbox 1609 1059 1718 1091; x_wconf 86' lang='lat' dir='ltr'>quam</span> 
     </span>
     <span class='ocr_line' id='line_1_20' title="bbox 164 1094 1716 1140; baseline -0.001 -10"><span class='ocrx_word' id='word_1_182' title='bbox 164 1096 300 1140; x_wconf 86' lang='lat' dir='ltr'>accipit</span> <span class='ocrx_word' id='word_1_183' title='bbox 324 1096 346 1129; x_wconf 95' lang='lat' dir='ltr'>i.</span> <span class='ocrx_word' id='word_1_184' title='bbox 370 1106 399 1129; x_wconf 91' lang='lat' dir='ltr'>e.</span> <span class='ocrx_word' id='word_1_185' title='bbox 426 1095 486 1138; x_wconf 84' lang='lat' dir='ltr'>qui</span> <span class='ocrx_word' id='word_1_186' title='bbox 520 1095 692 1129; x_wconf 87' lang='lat' dir='ltr'>audacter</span> <span class='ocrx_word' id='word_1_187' title='bbox 723 1096 886 1139; x_wconf 81' lang='lat' dir='ltr'>peiicula</span> <span class='ocrx_word' id='word_1_188' title='bbox 919 1096 1029 1129; x_wconf 88' lang='lat' dir='ltr'>sumit</span> <span class='ocrx_word' id='word_1_189' title='bbox 1060 1095 1161 1134; x_wconf 80' lang='lat' dir='ltr'>(Tac</span> <span class='ocrx_word' id='word_1_190' title='bbox 1189 1095 1285 1129; x_wconf 85' lang='lat' dir='ltr'>Hist</span> <span class='ocrx_word' id='word_1_191' title='bbox 1313 1094 1386 1128; x_wconf 83' lang='lat' dir='ltr'><strong>III.</strong></span> <span class='ocrx_word' id='word_1_192' title='bbox 1413 1094 1486 1139; x_wconf 87' lang='grc'>69.)</span> <span class='ocrx_word' id='word_1_193' title='bbox 1522 1099 1716 1138; x_wconf 86' lang='lat' dir='ltr'>antequam</span> 
     </span>
     <span class='ocr_line' id='line_1_21' title="bbox 163 1142 1386 1188; baseline 0 -11"><span class='ocrx_word' id='word_1_194' title='bbox 163 1143 321 1188; x_wconf 80' lang='lat' dir='ltr'>capessit</span> <span class='ocrx_word' id='word_1_195' title='bbox 346 1143 459 1176; x_wconf 86' lang='lat' dir='ltr'>vincit</span> <span class='ocrx_word' id='word_1_196' title='bbox 485 1142 582 1186; x_wconf 77' lang='lat' dir='ltr'>(Liv.</span> <span class='ocrx_word' id='word_1_197' title='bbox 611 1144 666 1183; x_wconf 87' lang='grc'>)1,</span> <span class='ocrx_word' id='word_1_198' title='bbox 681 1143 731 1180; x_wconf 81' lang='lat'>4.)</span> <span class='ocrx_word' id='word_1_199' title='bbox 780 1142 834 1176; x_wconf 86' lang='lat' dir='ltr'>Cf.</span> <span class='ocrx_word' id='word_1_200' title='bbox 863 1142 910 1176; x_wconf 83' lang='lat' dir='ltr'>W</span> <span class='ocrx_word' id='word_1_201' title='bbox 913 1142 1062 1178; x_wconf 86' lang='lat' dir='ltr'>oelfflin</span> <span class='ocrx_word' id='word_1_202' title='bbox 1090 1142 1236 1187; x_wconf 82' lang='lat' dir='ltr'>Proleg.</span> <span class='ocrx_word' id='word_1_203' title='bbox 1264 1155 1300 1186; x_wconf 87' lang='lat' dir='ltr'>p.</span> <span class='ocrx_word' id='word_1_204' title='bbox 1326 1142 1386 1177; x_wconf 95' lang='lat'>44.</span> 
     </span>
    </p>

    <p class='ocr_par' dir='ltr' id='par_1_6' title="bbox 163 1188 1718 1468">
     <span class='ocr_line' id='line_1_22' title="bbox 261 1188 1717 1225; baseline -0.002 -1"><span class='ocrx_word' id='word_1_205' title='bbox 261 1190 315 1224; x_wconf 86' lang='lat'>52.</span> <span class='ocrx_word' id='word_1_206' title='bbox 342 1190 397 1224; x_wconf 86' lang='lat' dir='ltr'>De</span> <span class='ocrx_word' id='word_1_207' title='bbox 423 1189 717 1223; x_wconf 79' lang='lat' dir='ltr'>adnoniinatione</span> <span class='ocrx_word' id='word_1_208' title='bbox 740 1201 804 1223; x_wconf 89' lang='lat' dir='ltr'>me</span> <span class='ocrx_word' id='word_1_209' title='bbox 818 1201 895 1223; x_wconf 89' lang='lat' dir='ltr'>nsa</span> <span class='ocrx_word' id='word_1_210' title='bbox 914 1211 956 1215; x_wconf 81' lang='lat'>—</span> <span class='ocrx_word' id='word_1_211' title='bbox 976 1201 1101 1223; x_wconf 84' lang='lat' dir='ltr'>mens</span> <span class='ocrx_word' id='word_1_212' title='bbox 1128 1190 1211 1224; x_wconf 85' lang='lat' dir='ltr'>vide</span> <span class='ocrx_word' id='word_1_213' title='bbox 1230 1189 1389 1225; x_wconf 84' lang='lat' dir='ltr'><strong>Pub1.A</strong></span> <span class='ocrx_word' id='word_1_214' title='bbox 1407 1189 1461 1224; x_wconf 83' lang='lat'>24.</span> <span class='ocrx_word' id='word_1_215' title='bbox 1512 1189 1585 1222; x_wconf 86' lang='lat' dir='ltr'>Pro</span> <span class='ocrx_word' id='word_1_216' title='bbox 1604 1188 1717 1222; x_wconf 78' lang='lat' dir='ltr'>verbo</span> 
     </span>
     <span class='ocr_line' id='line_1_23' title="bbox 166 1235 1718 1290; baseline -0.001 -19"><span class='ocrx_word' id='word_1_217' title='bbox 166 1237 368 1290; x_wconf 81' lang='lat' dir='ltr'>composito</span> <span class='ocrx_word' id='word_1_218' title='bbox 403 1236 616 1280; x_wconf 81' lang='lat' dir='ltr'>concipit</span> <span class='ocrx_word' id='word_1_219' title='bbox 651 1237 778 1280; x_wconf 82' lang='lat' dir='ltr'>sciipsi</span> <span class='ocrx_word' id='word_1_220' title='bbox 812 1237 965 1280; x_wconf 81' lang='lat' dir='ltr'>simplex</span> <span class='ocrx_word' id='word_1_221' title='bbox 1000 1237 1127 1281; x_wconf 84' lang='lat' dir='ltr'>capit</span> <span class='ocrx_word' id='word_1_222' title='bbox 1153 1237 1197 1272; x_wconf 89' lang='lat' dir='ltr'>cf.</span> <span class='ocrx_word' id='word_1_223' title='bbox 1224 1236 1330 1271; x_wconf 88' lang='lat' dir='ltr'>Publ.</span> <span class='ocrx_word' id='word_1_224' title='bbox 1357 1236 1388 1270; x_wconf 90' lang='lat' dir='ltr'>B</span> <span class='ocrx_word' id='word_1_225' title='bbox 1415 1237 1435 1271; x_wconf 88' lang='lat'>9</span> <span class='ocrx_word' id='word_1_226' title='bbox 1461 1237 1549 1277; x_wconf 79' lang='grc'>(52).</span> <span class='ocrx_word' id='word_1_227' title='bbox 1603 1235 1718 1278; x_wconf 66' lang='lat' dir='ltr'>„Con-</span> 
     </span>
     <span class='ocr_line' id='line_1_24' title="bbox 163 1282 1719 1328; baseline -0.002 -11"><span class='ocrx_word' id='word_1_228' title='bbox 163 1284 260 1317; x_wconf 60' lang='grc'>111710</span> <span class='ocrx_word' id='word_1_229' title='bbox 286 1284 409 1327; x_wconf 90' lang='lat' dir='ltr'>plures</span> <span class='ocrx_word' id='word_1_230' title='bbox 442 1295 549 1327; x_wconf 84' lang='lat' dir='ltr'>quam</span> <span class='ocrx_word' id='word_1_231' title='bbox 567 1284 702 1318; x_wconf 66' lang='lat' dir='ltr'>xii-tute</span> <span class='ocrx_word' id='word_1_232' title='bbox 722 1284 1374 1328; x_wconf 51' lang='grc' dir='ltr'>3111161113Γ3111111Ὶ.1313103125</span> <span class='ocrx_word' id='word_1_233' title='bbox 1402 1297 1466 1325; x_wconf 52' lang='lat' dir='ltr'>Try</span> <span class='ocrx_word' id='word_1_234' title='bbox 1485 1282 1521 1315; x_wconf 79' lang='grc' dir='ltr'>ὁὲ</span> <span class='ocrx_word' id='word_1_235' title='bbox 1540 1284 1719 1328; x_wconf 67' lang='grc' dir='ltr'>τράπεζαι</span> 
     </span>
     <span class='ocr_line' id='line_1_25' title="bbox 165 1329 1717 1375; baseline 0 -12"><span class='ocrx_word' id='word_1_236' title='bbox 165 1331 205 1363; x_wconf 76' lang='grc' dir='ltr'>ἐν</span> <span class='ocrx_word' id='word_1_237' title='bbox 238 1340 312 1365; x_wconf 70' lang='grc' dir='ltr'>τοῖς</span> <span class='ocrx_word' id='word_1_238' title='bbox 346 1329 497 1372; x_wconf 72' lang='grc' dir='ltr'><em>μάλιστα</em></span> <span class='ocrx_word' id='word_1_239' title='bbox 532 1329 719 1375; x_wconf 66' lang='grc' dir='ltr'><em>φιλοποιὸν</em></span> <span class='ocrx_word' id='word_1_240' title='bbox 754 1330 883 1375; x_wconf 57' lang='grc' dir='ltr'>ἡγεῖτο.</span> <span class='ocrx_word' id='word_1_241' title='bbox 937 1330 1019 1366; x_wconf 81' lang='lat' dir='ltr'>Sen.</span> <span class='ocrx_word' id='word_1_242' title='bbox 1056 1343 1110 1375; x_wconf 84' lang='lat' dir='ltr'>ep.</span> <span class='ocrx_word' id='word_1_243' title='bbox 1138 1330 1192 1366; x_wconf 79' lang='lat' dir='ltr'>II.</span> <span class='ocrx_word' id='word_1_244' title='bbox 1219 1332 1238 1365; x_wconf 73' lang='grc' dir='ltr'>Τ</span> <span class='ocrx_word' id='word_1_245' title='bbox 1266 1332 1342 1375; x_wconf 79' lang='grc'>(19)</span> <span class='ocrx_word' id='word_1_246' title='bbox 1370 1332 1424 1365; x_wconf 81' lang='grc'>’10</span> <span class='ocrx_word' id='word_1_247' title='bbox 1453 1334 1558 1365; x_wconf 77' lang='lat' dir='ltr'>ante.</span> <span class='ocrx_word' id='word_1_248' title='bbox 1592 1330 1717 1373; x_wconf 82' lang='lat' dir='ltr'>inquit,</span> 
     </span>
     <span class='ocr_line' id='line_1_26' title="bbox 166 1377 1718 1422; baseline -0.001 -10"><span class='ocrx_word' id='word_1_249' title='bbox 166 1378 531 1421; x_wconf 84' lang='lat' dir='ltr'>circumspiciendum</span> <span class='ocrx_word' id='word_1_250' title='bbox 550 1382 613 1418; x_wconf 80' lang='grc'>631,</span> <span class='ocrx_word' id='word_1_251' title='bbox 641 1390 722 1412; x_wconf 87' lang='lat' dir='ltr'>cum</span> <span class='ocrx_word' id='word_1_252' title='bbox 740 1378 869 1422; x_wconf 86' lang='lat' dir='ltr'>quibus</span> <span class='ocrx_word' id='word_1_253' title='bbox 889 1379 973 1412; x_wconf 86' lang='lat' dir='ltr'>edas</span> <span class='ocrx_word' id='word_1_254' title='bbox 993 1382 1027 1412; x_wconf 88' lang='lat' dir='ltr'>et</span> <span class='ocrx_word' id='word_1_255' title='bbox 1046 1378 1161 1413; x_wconf 79' lang='lat' dir='ltr'>bibas.</span> <span class='ocrx_word' id='word_1_256' title='bbox 1187 1390 1273 1412; x_wconf 87' lang='lat' dir='ltr'>nam</span> <span class='ocrx_word' id='word_1_257' title='bbox 1292 1379 1369 1412; x_wconf 87' lang='lat' dir='ltr'>sine</span> <span class='ocrx_word' id='word_1_258' title='bbox 1389 1379 1504 1412; x_wconf 89' lang='lat' dir='ltr'>amico</span> <span class='ocrx_word' id='word_1_259' title='bbox 1522 1377 1718 1411; x_wconf 87' lang='lat' dir='ltr'>visceratio</span> 
     </span>
     <span class='ocr_line' id='line_1_27' title="bbox 164 1424 631 1468; baseline -0.002 -10"><span class='ocrx_word' id='word_1_260' title='bbox 164 1425 279 1458; x_wconf 89' lang='lat' dir='ltr'>leonis</span> <span class='ocrx_word' id='word_1_261' title='bbox 306 1436 346 1458; x_wconf 86' lang='lat' dir='ltr'>ac</span> <span class='ocrx_word' id='word_1_262' title='bbox 374 1424 449 1468; x_wconf 90' lang='lat' dir='ltr'>lupi</span> <span class='ocrx_word' id='word_1_263' title='bbox 476 1425 550 1458; x_wconf 84' lang='lat' dir='ltr'>vita</span> <span class='ocrx_word' id='word_1_264' title='bbox 577 1429 631 1458; x_wconf 89' lang='lat' dir='ltr'>est</span> 
     </span>
    </p>

    <p class='ocr_par' dir='ltr' id='par_1_7' title="bbox 165 1477 1719 1570">
     <span class='ocr_line' id='line_1_28' title="bbox 260 1477 1719 1522; baseline -0.002 -9"><span class='ocrx_word' id='word_1_265' title='bbox 260 1479 315 1513; x_wconf 89' lang='lat'>53.</span> <span class='ocrx_word' id='word_1_266' title='bbox 342 1477 520 1511; x_wconf 86' lang='lat' dir='ltr'>Infinitivi</span> <span class='ocrx_word' id='word_1_267' title='bbox 549 1478 586 1511; x_wconf 90' lang='lat' dir='ltr'>in</span> <span class='ocrx_word' id='word_1_268' title='bbox 612 1479 680 1511; x_wconf 87' lang='lat' dir='ltr'>ier</span> <span class='ocrx_word' id='word_1_269' title='bbox 707 1480 870 1513; x_wconf 84' lang='lat' dir='ltr'>exeuntis</span> <span class='ocrx_word' id='word_1_270' title='bbox 896 1479 1051 1513; x_wconf 85' lang='lat' dir='ltr'>formam</span> <span class='ocrx_word' id='word_1_271' title='bbox 1076 1478 1277 1512; x_wconf 84' lang='lat' dir='ltr'>Publilium</span> <span class='ocrx_word' id='word_1_272' title='bbox 1303 1490 1375 1512; x_wconf 89' lang='lat' dir='ltr'>non</span> <span class='ocrx_word' id='word_1_273' title='bbox 1401 1479 1582 1522; x_wconf 86' lang='lat' dir='ltr'>respuisse</span> <span class='ocrx_word' id='word_1_274' title='bbox 1610 1489 1719 1522; x_wconf 89' lang='lat' dir='ltr'>supra</span> 
     </span>
     <span class='ocr_line' id='line_1_29' title="bbox 165 1524 1477 1570; baseline 0 -12"><span class='ocrx_word' id='word_1_275' title='bbox 165 1525 241 1558; x_wconf 85' lang='lat' dir='ltr'>dixi</span> <span class='ocrx_word' id='word_1_276' title='bbox 267 1525 311 1560; x_wconf 91' lang='lat' dir='ltr'>cf.</span> <span class='ocrx_word' id='word_1_277' title='bbox 337 1524 444 1560; x_wconf 87' lang='lat' dir='ltr'><strong>Publ.</strong></span> <span class='ocrx_word' id='word_1_278' title='bbox 471 1524 505 1558; x_wconf 93' lang='lat' dir='ltr'>D</span> <span class='ocrx_word' id='word_1_279' title='bbox 534 1526 552 1559; x_wconf 88' lang='lat'><strong>5</strong></span> <span class='ocrx_word' id='word_1_280' title='bbox 580 1526 690 1569; x_wconf 71' lang='lat'><strong>(127).</strong></span> <span class='ocrx_word' id='word_1_281' title='bbox 740 1525 797 1559; x_wconf 92' lang='lat' dir='ltr'>De</span> <span class='ocrx_word' id='word_1_282' title='bbox 825 1527 1005 1560; x_wconf 88' lang='lat' dir='ltr'>sententia</span> <span class='ocrx_word' id='word_1_283' title='bbox 1031 1526 1076 1559; x_wconf 85' lang='lat' dir='ltr'>cf.</span> <span class='ocrx_word' id='word_1_284' title='bbox 1104 1526 1210 1560; x_wconf 81' lang='lat' dir='ltr'>Publ.</span> <span class='ocrx_word' id='word_1_285' title='bbox 1239 1525 1266 1560; x_wconf 88' lang='lat' dir='ltr'>C</span> <span class='ocrx_word' id='word_1_286' title='bbox 1294 1527 1337 1561; x_wconf 59' lang='grc' dir='ltr'>2ιὸ</span> <span class='ocrx_word' id='word_1_287' title='bbox 1364 1527 1477 1570; x_wconf 68' lang='grc'>1113).</span> 
     </span>
    </p>

    <p class='ocr_par' dir='ltr' id='par_1_8' title="bbox 260 1571 1619 1617">
     <span class='ocr_line' id='line_1_30' title="bbox 260 1571 1619 1617; baseline -0.001 -10"><span class='ocrx_word' id='word_1_288' title='bbox 260 1573 315 1607; x_wconf 88' lang='lat'>54.</span> <span class='ocrx_word' id='word_1_289' title='bbox 345 1571 433 1614; x_wconf 85' lang='lat' dir='ltr'>„Cui</span> <span class='ocrx_word' id='word_1_290' title='bbox 459 1571 568 1605; x_wconf 88' lang='lat' dir='ltr'>debes</span> <span class='ocrx_word' id='word_1_291' title='bbox 596 1573 760 1613; x_wconf 87' lang='lat' dir='ltr'>salutem,</span> <span class='ocrx_word' id='word_1_292' title='bbox 788 1573 869 1607; x_wconf 88' lang='lat' dir='ltr'>huic</span> <span class='ocrx_word' id='word_1_293' title='bbox 895 1574 1012 1617; x_wconf 84' lang='lat' dir='ltr'>ipsam</span> <span class='ocrx_word' id='word_1_294' title='bbox 1038 1574 1149 1607; x_wconf 76' lang='lat' dir='ltr'>vitam</span> <span class='ocrx_word' id='word_1_295' title='bbox 1175 1576 1211 1607; x_wconf 88' lang='grc'>16</span> <span class='ocrx_word' id='word_1_296' title='bbox 1236 1577 1421 1607; x_wconf 90' lang='lat' dir='ltr'>memento</span> <span class='ocrx_word' id='word_1_297' title='bbox 1450 1572 1619 1606; x_wconf 38' lang='lat' dir='ltr'>debere&amp;</span> 
     </span>
    </p>

    <p class='ocr_par' dir='ltr' id='par_1_9' title="bbox 260 1618 1065 1665">
     <span class='ocr_line' id='line_1_31' title="bbox 260 1618 1065 1665; baseline -0.001 -11"><span class='ocrx_word' id='word_1_298' title='bbox 260 1621 314 1654; x_wconf 90' lang='grc'>55.</span> <span class='ocrx_word' id='word_1_299' title='bbox 340 1618 396 1653; x_wconf 89' lang='lat' dir='ltr'>De</span> <span class='ocrx_word' id='word_1_300' title='bbox 424 1619 603 1653; x_wconf 89' lang='lat' dir='ltr'>sententia</span> <span class='ocrx_word' id='word_1_301' title='bbox 629 1619 674 1654; x_wconf 87' lang='lat' dir='ltr'>cf.</span> <span class='ocrx_word' id='word_1_302' title='bbox 702 1619 807 1654; x_wconf 90' lang='lat' dir='ltr'>Publ.</span> <span class='ocrx_word' id='word_1_303' title='bbox 835 1620 854 1654; x_wconf 81' lang='grc' dir='ltr'>Ι</span> <span class='ocrx_word' id='word_1_304' title='bbox 881 1621 924 1655; x_wconf 83' lang='lat'>29</span> <span class='ocrx_word' id='word_1_305' title='bbox 950 1621 1065 1665; x_wconf 63' lang='grc'>(258).</span> 
     </span>
    </p>

    <p class='ocr_par' dir='ltr' id='par_1_10' title="bbox 165 1665 1723 2418">
     <span class='ocr_line' id='line_1_32' title="bbox 260 1665 1718 1711; baseline -0.002 -9"><span class='ocrx_word' id='word_1_306' title='bbox 260 1666 292 1711; x_wconf 75' lang='lat' dir='ltr'>Q</span> <span class='ocrx_word' id='word_1_307' title='bbox 320 1667 350 1702; x_wconf 85' lang='lat'>1.</span> <span class='ocrx_word' id='word_1_308' title='bbox 378 1665 565 1700; x_wconf 78' lang='lat' dir='ltr'>Sententia</span> <span class='ocrx_word' id='word_1_309' title='bbox 599 1678 643 1700; x_wconf 85' lang='lat' dir='ltr'>ex</span> <span class='ocrx_word' id='word_1_310' title='bbox 676 1667 719 1700; x_wconf 89' lang='lat' dir='ltr'>iis</span> <span class='ocrx_word' id='word_1_311' title='bbox 755 1672 825 1708; x_wconf 88' lang='lat' dir='ltr'>est,</span> <span class='ocrx_word' id='word_1_312' title='bbox 861 1679 951 1710; x_wconf 88' lang='lat' dir='ltr'>quae</span> <span class='ocrx_word' id='word_1_313' title='bbox 984 1679 1058 1701; x_wconf 89' lang='lat' dir='ltr'>non</span> <span class='ocrx_word' id='word_1_314' title='bbox 1083 1679 1149 1711; x_wconf 89' lang='lat' dir='ltr'>per</span> <span class='ocrx_word' id='word_1_315' title='bbox 1175 1679 1211 1701; x_wconf 89' lang='lat' dir='ltr'>se</span> <span class='ocrx_word' id='word_1_316' title='bbox 1238 1669 1334 1711; x_wconf 90' lang='lat' dir='ltr'>ipsa.</span> <span class='ocrx_word' id='word_1_317' title='bbox 1372 1667 1435 1700; x_wconf 89' lang='lat' dir='ltr'>sed</span> <span class='ocrx_word' id='word_1_318' title='bbox 1462 1678 1504 1700; x_wconf 83' lang='lat' dir='ltr'>ex</span> <span class='ocrx_word' id='word_1_319' title='bbox 1530 1677 1718 1710; x_wconf 85' lang='lat' dir='ltr'>personae,</span> 
     </span>
     <span class='ocr_line' id='line_1_33' title="bbox 165 1713 1718 1767; baseline -0.001 -19"><span class='ocrx_word' id='word_1_320' title='bbox 165 1714 223 1748; x_wconf 90' lang='lat' dir='ltr'>cui</span> <span class='ocrx_word' id='word_1_321' title='bbox 248 1714 286 1747; x_wconf 90' lang='lat' dir='ltr'>in</span> <span class='ocrx_word' id='word_1_322' title='bbox 311 1714 422 1747; x_wconf 91' lang='lat' dir='ltr'>mimo</span> <span class='ocrx_word' id='word_1_323' title='bbox 448 1713 585 1747; x_wconf 87' lang='lat' dir='ltr'>tributa</span> <span class='ocrx_word' id='word_1_324' title='bbox 611 1720 716 1754; x_wconf 86' lang='lat' dir='ltr'>esset,</span> <span class='ocrx_word' id='word_1_325' title='bbox 751 1715 913 1749; x_wconf 90' lang='lat' dir='ltr'>moribus</span> <span class='ocrx_word' id='word_1_326' title='bbox 940 1715 1166 1748; x_wconf 87' lang='lat' dir='ltr'>aestimanda</span> <span class='ocrx_word' id='word_1_327' title='bbox 1192 1718 1256 1750; x_wconf 87' lang='lat' dir='ltr'>est.</span> <span class='ocrx_word' id='word_1_328' title='bbox 1307 1713 1414 1767; x_wconf 81' lang='lat' dir='ltr'>Quod</span> <span class='ocrx_word' id='word_1_329' title='bbox 1440 1715 1509 1747; x_wconf 91' lang='lat' dir='ltr'>nisi</span> <span class='ocrx_word' id='word_1_330' title='bbox 1537 1713 1718 1753; x_wconf 89' lang='lat' dir='ltr'>sumseris,</span> 
     </span>
     <span class='ocr_line' id='line_1_34' title="bbox 166 1760 1721 1804; baseline -0.001 -9"><span class='ocrx_word' id='word_1_331' title='bbox 166 1762 276 1795; x_wconf 87' lang='lat' dir='ltr'>etiam</span> <span class='ocrx_word' id='word_1_332' title='bbox 301 1760 452 1794; x_wconf 86' lang='lat' dir='ltr'>Publilii</span> <span class='ocrx_word' id='word_1_333' title='bbox 486 1761 706 1795; x_wconf 80' lang='lat' dir='ltr'>sententiam</span> <span class='ocrx_word' id='word_1_334' title='bbox 741 1762 851 1795; x_wconf 89' lang='lat' dir='ltr'>aliam</span> <span class='ocrx_word' id='word_1_335' title='bbox 885 1762 946 1796; x_wconf 89' lang='lat' dir='ltr'>alii</span> <span class='ocrx_word' id='word_1_336' title='bbox 981 1762 1202 1796; x_wconf 83' lang='lat' dir='ltr'>contrariam</span> <span class='ocrx_word' id='word_1_337' title='bbox 1240 1761 1412 1796; x_wconf 84' lang='grc'>1111611163.</span> <span class='ocrx_word' id='word_1_338' title='bbox 1464 1761 1590 1804; x_wconf 82' lang='lat' dir='ltr'>Neque</span> <span class='ocrx_word' id='word_1_339' title='bbox 1625 1761 1721 1794; x_wconf 91' lang='lat' dir='ltr'>enim</span> 
     </span>
     <span class='ocr_line' id='line_1_35' title="bbox 166 1807 1720 1871; baseline -0.001 -29"><span class='ocrx_word' id='word_1_340' title='bbox 166 1809 226 1852; x_wconf 89' lang='lat' dir='ltr'>qui</span> <span class='ocrx_word' id='word_1_341' title='bbox 259 1809 321 1842; x_wconf 90' lang='lat' dir='ltr'>ubi</span> <span class='ocrx_word' id='word_1_342' title='bbox 345 1808 479 1841; x_wconf 88' lang='lat' dir='ltr'>malam</span> <span class='ocrx_word' id='word_1_343' title='bbox 506 1819 613 1842; x_wconf 88' lang='lat' dir='ltr'>unam</span> <span class='ocrx_word' id='word_1_344' title='bbox 638 1820 716 1842; x_wconf 87' lang='lat' dir='ltr'>rem</span> <span class='ocrx_word' id='word_1_345' title='bbox 742 1809 848 1845; x_wconf 87' lang='grc'>16113</span> <span class='ocrx_word' id='word_1_346' title='bbox 886 1813 923 1844; x_wconf 91' lang='grc'>16</span> <span class='ocrx_word' id='word_1_347' title='bbox 948 1821 1091 1843; x_wconf 85' lang='lat' dir='ltr'>omnem</span> <span class='ocrx_word' id='word_1_348' title='bbox 1118 1809 1349 1843; x_wconf 89' lang='lat' dir='ltr'>honestatem</span> <span class='ocrx_word' id='word_1_349' title='bbox 1374 1808 1584 1871; x_wconf 85' lang='lat' dir='ltr'>improbare</span> <span class='ocrx_word' id='word_1_350' title='bbox 1610 1807 1649 1841; x_wconf 79' lang='lat' dir='ltr'>M</span> <span class='ocrx_word' id='word_1_351' title='bbox 1675 1808 1720 1842; x_wconf 88' lang='lat'>54</span> 
     </span>
     <span class='ocr_line' id='line_1_36' title="bbox 167 1855 1719 1901; baseline 0 -13"><span class='ocrx_word' id='word_1_352' title='bbox 167 1856 269 1900; x_wconf 86' lang='grc'>(362)</span> <span class='ocrx_word' id='word_1_353' title='bbox 296 1859 357 1889; x_wconf 91' lang='lat' dir='ltr'>aut</span> <span class='ocrx_word' id='word_1_354' title='bbox 382 1855 433 1888; x_wconf 88' lang='lat' dir='ltr'>nil</span> <span class='ocrx_word' id='word_1_355' title='bbox 459 1859 566 1899; x_wconf 84' lang='lat' dir='ltr'>tuipe</span> <span class='ocrx_word' id='word_1_356' title='bbox 593 1856 798 1889; x_wconf 88' lang='lat' dir='ltr'>ducendum</span> <span class='ocrx_word' id='word_1_357' title='bbox 824 1868 901 1890; x_wconf 90' lang='lat' dir='ltr'>esse</span> <span class='ocrx_word' id='word_1_358' title='bbox 927 1869 994 1901; x_wconf 80' lang='lat' dir='ltr'>plo</span> <span class='ocrx_word' id='word_1_359' title='bbox 1021 1857 1148 1890; x_wconf 85' lang='lat' dir='ltr'>salutis</span> <span class='ocrx_word' id='word_1_360' title='bbox 1175 1856 1336 1890; x_wconf 87' lang='lat' dir='ltr'>remedio</span> <span class='ocrx_word' id='word_1_361' title='bbox 1363 1856 1396 1890; x_wconf 80' lang='lat' dir='ltr'>N</span> <span class='ocrx_word' id='word_1_362' title='bbox 1422 1856 1466 1890; x_wconf 69' lang='lat'>41</span> <span class='ocrx_word' id='word_1_363' title='bbox 1493 1856 1539 1893; x_wconf 87' lang='grc'>(4</span> <span class='ocrx_word' id='word_1_364' title='bbox 1536 1856 1595 1892; x_wconf 64' lang='lat'>23»</span> <span class='ocrx_word' id='word_1_365' title='bbox 1613 1855 1719 1895; x_wconf 84' lang='lat' dir='ltr'>dixit,</span> 
     </span>
     <span class='ocr_line' id='line_1_37' title="bbox 166 1896 1718 1947; baseline -0.001 -11"><span class='ocrx_word' id='word_1_366' title='bbox 166 1914 247 1936; x_wconf 90' lang='lat' dir='ltr'>eum</span> <span class='ocrx_word' id='word_1_367' title='bbox 281 1903 335 1936; x_wconf 91' lang='lat' dir='ltr'>sui</span> <span class='ocrx_word' id='word_1_368' title='bbox 367 1902 522 1936; x_wconf 89' lang='lat' dir='ltr'>similem</span> <span class='ocrx_word' id='word_1_369' title='bbox 555 1903 718 1946; x_wconf 81' lang='lat' dir='ltr'>putabis.</span> <span class='ocrx_word' id='word_1_370' title='bbox 754 1904 815 1947; x_wconf 87' lang='lat' dir='ltr'>qui</span> <span class='ocrx_word' id='word_1_371' title='bbox 849 1904 945 1947; x_wconf 90' lang='lat' dir='ltr'>quod</span> <span class='ocrx_word' id='word_1_372' title='bbox 978 1904 1208 1938; x_wconf 84' lang='lat' dir='ltr'>mendacium</span> <span class='ocrx_word' id='word_1_373' title='bbox 1244 1915 1310 1947; x_wconf 86' lang='lat' dir='ltr'>pro</span> <span class='ocrx_word' id='word_1_374' title='bbox 1342 1903 1459 1936; x_wconf 87' lang='lat' dir='ltr'>salute</span> <span class='ocrx_word' id='word_1_375' title='bbox 1484 1896 1605 1944; x_wconf 84' lang='lat' dir='ltr'>fieret,</span> <span class='ocrx_word' id='word_1_376' title='bbox 1640 1913 1718 1936; x_wconf 87' lang='lat' dir='ltr'>esse</span> 
     </span>
     <span class='ocr_line' id='line_1_38' title="bbox 165 1949 1714 1994; baseline -0.001 -11"><span class='ocrx_word' id='word_1_377' title='bbox 165 1962 292 1984; x_wconf 84' lang='lat' dir='ltr'>verum</span> <span class='ocrx_word' id='word_1_378' title='bbox 318 1949 515 1983; x_wconf 79' lang='lat' dir='ltr'>affirmavit</span> <span class='ocrx_word' id='word_1_379' title='bbox 542 1949 577 1983; x_wconf 88' lang='lat' dir='ltr'>V</span> <span class='ocrx_word' id='word_1_380' title='bbox 604 1952 624 1985; x_wconf 85' lang='lat'><strong>8</strong></span> <span class='ocrx_word' id='word_1_381' title='bbox 650 1951 762 1994; x_wconf 71' lang='lat'><strong>(636).</strong></span> <span class='ocrx_word' id='word_1_382' title='bbox 813 1950 943 1994; x_wconf 79' lang='lat' dir='ltr'>Itaque</span> <span class='ocrx_word' id='word_1_383' title='bbox 969 1962 1035 1984; x_wconf 88' lang='lat' dir='ltr'>nec</span> <span class='ocrx_word' id='word_1_384' title='bbox 1062 1963 1144 1984; x_wconf 90' lang='lat' dir='ltr'>cum</span> <span class='ocrx_word' id='word_1_385' title='bbox 1160 1950 1294 1984; x_wconf 83' lang='lat' dir='ltr'>Bothio</span> <span class='ocrx_word' id='word_1_386' title='bbox 1322 1950 1457 1984; x_wconf 84' lang='lat' dir='ltr'>scribas</span> <span class='ocrx_word' id='word_1_387' title='bbox 1484 1962 1550 1994; x_wconf 91' lang='lat' dir='ltr'>pro</span> <span class='ocrx_word' id='word_1_388' title='bbox 1576 1953 1714 1993; x_wconf 80' lang='lat' dir='ltr'>putes</span> 
     </span>
     <span class='ocr_line' id='line_1_39' title="bbox 166 1997 1716 2042; baseline -0.001 -11"><span class='ocrx_word' id='word_1_389' title='bbox 166 2008 315 2031; x_wconf 85' lang='lat' dir='ltr'>necesse</span> <span class='ocrx_word' id='word_1_390' title='bbox 350 2000 404 2030; x_wconf 88' lang='lat' dir='ltr'>est</span> <span class='ocrx_word' id='word_1_391' title='bbox 439 2000 594 2040; x_wconf 84' lang='lat' dir='ltr'>putas,</span> <span class='ocrx_word' id='word_1_392' title='bbox 630 2009 674 2031; x_wconf 89' lang='lat' dir='ltr'>ne</span> <span class='ocrx_word' id='word_1_393' title='bbox 710 1998 777 2031; x_wconf 87' lang='lat' dir='ltr'>hoc</span> <span class='ocrx_word' id='word_1_394' title='bbox 809 1999 853 2031; x_wconf 90' lang='lat' dir='ltr'>sit</span> <span class='ocrx_word' id='word_1_395' title='bbox 880 2001 1117 2042; x_wconf 87' lang='lat' dir='ltr'>praeceptum</span> <span class='ocrx_word' id='word_1_396' title='bbox 1142 1998 1255 2032; x_wconf 88' lang='lat' dir='ltr'>officii</span> <span class='ocrx_word' id='word_1_397' title='bbox 1281 2009 1344 2031; x_wconf 90' lang='lat' dir='ltr'>seu</span> <span class='ocrx_word' id='word_1_398' title='bbox 1370 1997 1623 2041; x_wconf 87' lang='lat' dir='ltr'>philosophiae</span> <span class='ocrx_word' id='word_1_399' title='bbox 1649 2008 1716 2030; x_wconf 89' lang='lat' dir='ltr'>nec</span> 
     </span>
     <span class='ocr_line' id='line_1_40' title="bbox 166 2043 1717 2088; baseline -0.001 -10"><span class='ocrx_word' id='word_1_400' title='bbox 166 2056 248 2078; x_wconf 87' lang='lat' dir='ltr'>cum</span> <span class='ocrx_word' id='word_1_401' title='bbox 274 2043 492 2078; x_wconf 84' lang='lat' dir='ltr'>Woelfflino</span> <span class='ocrx_word' id='word_1_402' title='bbox 520 2055 586 2087; x_wconf 90' lang='lat' dir='ltr'>pro</span> <span class='ocrx_word' id='word_1_403' title='bbox 621 2045 757 2087; x_wconf 85' lang='lat' dir='ltr'>quod.</span> <span class='ocrx_word' id='word_1_404' title='bbox 792 2045 889 2088; x_wconf 85' lang='lat' dir='ltr'>quod</span> <span class='ocrx_word' id='word_1_405' title='bbox 922 2046 958 2078; x_wconf 88' lang='lat' dir='ltr'>in</span> <span class='ocrx_word' id='word_1_406' title='bbox 983 2045 1012 2079; x_wconf 87' lang='lat' dir='ltr'><strong>F</strong></span> <span class='ocrx_word' id='word_1_407' title='bbox 1039 2049 1110 2085; x_wconf 87' lang='lat' dir='ltr'>est,</span> <span class='ocrx_word' id='word_1_408' title='bbox 1146 2045 1316 2088; x_wconf 86' lang='lat' dir='ltr'>quoad,</span> <span class='ocrx_word' id='word_1_409' title='bbox 1352 2045 1404 2077; x_wconf 89' lang='lat' dir='ltr'>ita</span> <span class='ocrx_word' id='word_1_410' title='bbox 1437 2048 1477 2077; x_wconf 90' lang='lat' dir='ltr'>ut</span> <span class='ocrx_word' id='word_1_411' title='bbox 1513 2045 1560 2077; x_wconf 85' lang='lat' dir='ltr'>sit</span> <span class='ocrx_word' id='word_1_412' title='bbox 1592 2055 1717 2077; x_wconf 87' lang='lat' dir='ltr'>mono-</span> 
     </span>
     <span class='ocr_line' id='line_1_41' title="bbox 168 2090 1720 2136; baseline -0.001 -11"><span class='ocrx_word' id='word_1_413' title='bbox 168 2091 345 2135; x_wconf 84' lang='lat' dir='ltr'>syllabum</span> <span class='ocrx_word' id='word_1_414' title='bbox 379 2090 423 2124; x_wconf 88' lang='lat' dir='ltr'>cf.</span> <span class='ocrx_word' id='word_1_415' title='bbox 451 2090 538 2125; x_wconf 86' lang='lat' dir='ltr'>Luc.</span> <span class='ocrx_word' id='word_1_416' title='bbox 566 2090 734 2126; x_wconf 83' lang='lat' dir='ltr'>Mueller.</span> <span class='ocrx_word' id='word_1_417' title='bbox 769 2092 814 2125; x_wconf 86' lang='lat' dir='ltr'>de</span> <span class='ocrx_word' id='word_1_418' title='bbox 847 2104 886 2126; x_wconf 89' lang='lat' dir='ltr'>re</span> <span class='ocrx_word' id='word_1_419' title='bbox 918 2096 1021 2126; x_wconf 83' lang='lat' dir='ltr'>metr.</span> <span class='ocrx_word' id='word_1_420' title='bbox 1058 2104 1093 2136; x_wconf 90' lang='lat' dir='ltr'><strong>p.</strong></span> <span class='ocrx_word' id='word_1_421' title='bbox 1121 2092 1198 2126; x_wconf 82' lang='grc'>273.</span> <span class='ocrx_word' id='word_1_422' title='bbox 1227 2092 1305 2126; x_wconf 79' lang='grc'>274.</span> <span class='ocrx_word' id='word_1_423' title='bbox 1357 2091 1640 2125; x_wconf 88' lang='lat' dir='ltr'>Concedendum</span> <span class='ocrx_word' id='word_1_424' title='bbox 1666 2094 1720 2124; x_wconf 92' lang='lat' dir='ltr'>est</span> 
     </span>
     <span class='ocr_line' id='line_1_42' title="bbox 168 2137 1723 2183; baseline -0.001 -11"><span class='ocrx_word' id='word_1_425' title='bbox 168 2139 265 2172; x_wconf 89' lang='lat' dir='ltr'>enim</span> <span class='ocrx_word' id='word_1_426' title='bbox 290 2137 533 2177; x_wconf 61' lang='lat' dir='ltr'>Publilianam,</span> <span class='ocrx_word' id='word_1_427' title='bbox 570 2149 803 2182; x_wconf 84' lang='lat' dir='ltr'>quaecunque</span> <span class='ocrx_word' id='word_1_428' title='bbox 830 2139 909 2179; x_wconf 90' lang='lat' dir='ltr'>fuit,</span> <span class='ocrx_word' id='word_1_429' title='bbox 938 2150 1126 2183; x_wconf 83' lang='lat' dir='ltr'>personae.</span> <span class='ocrx_word' id='word_1_430' title='bbox 1154 2143 1192 2172; x_wconf 89' lang='lat' dir='ltr'>ut</span> <span class='ocrx_word' id='word_1_431' title='bbox 1220 2151 1381 2183; x_wconf 79' lang='lat' dir='ltr'>pravum,</span> <span class='ocrx_word' id='word_1_432' title='bbox 1410 2150 1491 2172; x_wconf 87' lang='lat' dir='ltr'>cum</span> <span class='ocrx_word' id='word_1_433' title='bbox 1518 2139 1628 2178; x_wconf 75' lang='lat' dir='ltr'>iuvet,</span> <span class='ocrx_word' id='word_1_434' title='bbox 1655 2149 1723 2182; x_wconf 84' lang='lat' dir='ltr'>pro</span> 
     </span>
     <span class='ocr_line' id='line_1_43' title="bbox 167 2185 1723 2229; baseline -0.001 -10"><span class='ocrx_word' id='word_1_435' title='bbox 167 2189 268 2220; x_wconf 88' lang='lat' dir='ltr'>recto</span> <span class='ocrx_word' id='word_1_436' title='bbox 301 2185 509 2218; x_wconf 90' lang='lat' dir='ltr'>habendum</span> <span class='ocrx_word' id='word_1_437' title='bbox 542 2196 619 2219; x_wconf 88' lang='lat' dir='ltr'>esse</span> <span class='ocrx_word' id='word_1_438' title='bbox 647 2185 789 2220; x_wconf 78' lang='lat' dir='ltr'>dixerit.</span> <span class='ocrx_word' id='word_1_439' title='bbox 841 2186 894 2222; x_wconf 81' lang='lat' dir='ltr'>Cf.</span> <span class='ocrx_word' id='word_1_440' title='bbox 922 2187 1022 2220; x_wconf 89' lang='lat' dir='ltr'>locos</span> <span class='ocrx_word' id='word_1_441' title='bbox 1059 2197 1079 2219; x_wconf 91' lang='lat' dir='ltr'>a</span> <span class='ocrx_word' id='word_1_442' title='bbox 1097 2185 1256 2220; x_wconf 82' lang='lat' dir='ltr'>Grutero</span> <span class='ocrx_word' id='word_1_443' title='bbox 1282 2186 1320 2219; x_wconf 88' lang='lat' dir='ltr'>in</span> <span class='ocrx_word' id='word_1_444' title='bbox 1346 2186 1441 2219; x_wconf 88' lang='lat' dir='ltr'>notis</span> <span class='ocrx_word' id='word_1_445' title='bbox 1468 2186 1647 2229; x_wconf 89' lang='lat' dir='ltr'>postumis</span> <span class='ocrx_word' id='word_1_446' title='bbox 1680 2197 1723 2219; x_wconf 82' lang='lat' dir='ltr'>ex</span> 
     </span>
     <span class='ocr_line' id='line_1_44' title="bbox 169 2231 1723 2277; baseline -0.001 -11"><span class='ocrx_word' id='word_1_447' title='bbox 169 2233 249 2266; x_wconf 89' lang='lat' dir='ltr'>aliis</span> <span class='ocrx_word' id='word_1_448' title='bbox 282 2233 401 2276; x_wconf 83' lang='lat' dir='ltr'>po&#39;e&#39;tis</span> <span class='ocrx_word' id='word_1_449' title='bbox 433 2232 572 2267; x_wconf 80' lang='lat' dir='ltr'>allatos,</span> <span class='ocrx_word' id='word_1_450' title='bbox 625 2231 731 2275; x_wconf 75' lang='lat' dir='ltr'>Quod</span> <span class='ocrx_word' id='word_1_451' title='bbox 764 2233 875 2267; x_wconf 89' lang='lat' dir='ltr'>habet</span> <span class='ocrx_word' id='word_1_452' title='bbox 899 2233 938 2273; x_wconf 81' lang='lat' dir='ltr'>F,</span> <span class='ocrx_word' id='word_1_453' title='bbox 974 2233 1094 2277; x_wconf 84' lang='lat' dir='ltr'>quod</span> <span class='ocrx_word' id='word_1_454' title='bbox 1127 2233 1339 2273; x_wconf 78' lang='lat' dir='ltr'>adiuvat,</span> <span class='ocrx_word' id='word_1_455' title='bbox 1380 2233 1417 2266; x_wconf 93' lang='lat' dir='ltr'>id</span> <span class='ocrx_word' id='word_1_456' title='bbox 1449 2237 1489 2266; x_wconf 88' lang='lat' dir='ltr'>ut</span> <span class='ocrx_word' id='word_1_457' title='bbox 1524 2236 1645 2266; x_wconf 86' lang='lat' dir='ltr'>ortum</span> <span class='ocrx_word' id='word_1_458' title='bbox 1679 2243 1723 2265; x_wconf 84' lang='lat' dir='ltr'>ex</span> 
     </span>
     <span class='ocr_line' id='line_1_45' title="bbox 168 2279 1719 2324; baseline -0.001 -10"><span class='ocrx_word' id='word_1_459' title='bbox 168 2292 264 2314; x_wconf 90' lang='lat' dir='ltr'>cum</span> <span class='ocrx_word' id='word_1_460' title='bbox 289 2279 498 2320; x_wconf 88' lang='lat' dir='ltr'>adiuvat,</span> <span class='ocrx_word' id='word_1_461' title='bbox 525 2280 575 2313; x_wconf 88' lang='lat' dir='ltr'>ita</span> <span class='ocrx_word' id='word_1_462' title='bbox 600 2279 669 2313; x_wconf 90' lang='lat' dir='ltr'>hoc</span> <span class='ocrx_word' id='word_1_463' title='bbox 695 2280 815 2323; x_wconf 85' lang='lat' dir='ltr'>ipsum</span> <span class='ocrx_word' id='word_1_464' title='bbox 841 2292 882 2315; x_wconf 78' lang='lat' dir='ltr'>ex</span> <span class='ocrx_word' id='word_1_465' title='bbox 909 2293 1006 2315; x_wconf 89' lang='lat' dir='ltr'>cum</span> <span class='ocrx_word' id='word_1_466' title='bbox 1032 2281 1163 2313; x_wconf 78' lang='lat' dir='ltr'>iuvat</span> <span class='ocrx_word' id='word_1_467' title='bbox 1189 2283 1401 2324; x_wconf 89' lang='lat' dir='ltr'>corruptum</span> <span class='ocrx_word' id='word_1_468' title='bbox 1417 2280 1571 2313; x_wconf 75' lang='lat' dir='ltr'>videtur.</span> <span class='ocrx_word' id='word_1_469' title='bbox 1614 2279 1719 2313; x_wconf 89' lang='lat' dir='ltr'>Cum</span> 
     </span>
     <span class='ocr_line' id='line_1_46' title="bbox 167 2326 1718 2372; baseline 0.001 -12"><span class='ocrx_word' id='word_1_470' title='bbox 167 2327 296 2360; x_wconf 88' lang='lat' dir='ltr'>iuvat</span> <span class='ocrx_word' id='word_1_471' title='bbox 320 2327 343 2360; x_wconf 93' lang='lat' dir='ltr'>i.</span> <span class='ocrx_word' id='word_1_472' title='bbox 370 2338 399 2361; x_wconf 91' lang='lat' dir='ltr'>e.</span> <span class='ocrx_word' id='word_1_473' title='bbox 425 2329 504 2360; x_wconf 89' lang='lat' dir='ltr'>tum</span> <span class='ocrx_word' id='word_1_474' title='bbox 529 2338 611 2360; x_wconf 90' lang='lat' dir='ltr'>cum</span> <span class='ocrx_word' id='word_1_475' title='bbox 636 2327 750 2362; x_wconf 76' lang='lat' dir='ltr'>iuvat:</span> <span class='ocrx_word' id='word_1_476' title='bbox 779 2339 848 2371; x_wconf 86' lang='lat' dir='ltr'>qua</span> <span class='ocrx_word' id='word_1_477' title='bbox 874 2328 919 2362; x_wconf 89' lang='lat' dir='ltr'>de</span> <span class='ocrx_word' id='word_1_478' title='bbox 945 2341 977 2362; x_wconf 84' lang='lat' dir='ltr'>v.</span> <span class='ocrx_word' id='word_1_479' title='bbox 1013 2328 1175 2361; x_wconf 78' lang='lat' dir='ltr'>iuvare</span> <span class='ocrx_word' id='word_1_480' title='bbox 1211 2326 1475 2372; x_wconf 78' lang='lat' dir='ltr'>significatione</span> <span class='ocrx_word' id='word_1_481' title='bbox 1502 2327 1585 2360; x_wconf 86' lang='lat' dir='ltr'>vide</span> <span class='ocrx_word' id='word_1_482' title='bbox 1610 2326 1718 2362; x_wconf 88' lang='lat' dir='ltr'>Publ.</span> 
     </span>
     <span class='ocr_line' id='line_1_47' title="bbox 169 2373 409 2418; baseline 0 -11"><span class='ocrx_word' id='word_1_483' title='bbox 169 2373 199 2407; x_wconf 81' lang='lat' dir='ltr'>P</span> <span class='ocrx_word' id='word_1_484' title='bbox 228 2375 270 2409; x_wconf 89' lang='grc'>16</span> <span class='ocrx_word' id='word_1_485' title='bbox 297 2374 409 2418; x_wconf 82' lang='lat'><strong>(465).</strong></span> 
     </span>
    </p>

    <p class='ocr_par' dir='ltr' id='par_1_11' title="bbox 167 2419 1718 2653">
     <span class='ocr_line' id='line_1_48' title="bbox 261 2419 1718 2465; baseline -0.001 -10"><span class='ocrx_word' id='word_1_486' title='bbox 261 2422 293 2456; x_wconf 91' lang='lat'>2.</span> <span class='ocrx_word' id='word_1_487' title='bbox 320 2419 569 2464; x_wconf 76' lang='lat' dir='ltr'>Quodcunque</span> <span class='ocrx_word' id='word_1_488' title='bbox 604 2420 699 2454; x_wconf 87' lang='lat' dir='ltr'>mala</span> <span class='ocrx_word' id='word_1_489' title='bbox 733 2420 887 2454; x_wconf 89' lang='lat' dir='ltr'>nocendi</span> <span class='ocrx_word' id='word_1_490' title='bbox 922 2423 1094 2465; x_wconf 88' lang='lat' dir='ltr'>tanquam</span> <span class='ocrx_word' id='word_1_491' title='bbox 1127 2426 1204 2455; x_wconf 85' lang='lat' dir='ltr'>arte</span> <span class='ocrx_word' id='word_1_492' title='bbox 1240 2433 1276 2455; x_wconf 88' lang='lat' dir='ltr'>se</span> <span class='ocrx_word' id='word_1_493' title='bbox 1310 2422 1499 2463; x_wconf 83' lang='lat' dir='ltr'>instruxit,</span> <span class='ocrx_word' id='word_1_494' title='bbox 1536 2432 1615 2454; x_wconf 88' lang='lat' dir='ltr'>eam</span> <span class='ocrx_word' id='word_1_495' title='bbox 1640 2421 1718 2454; x_wconf 90' lang='lat' dir='ltr'>ubi-</span> 
     </span>
     <span class='ocr_line' id='line_1_49' title="bbox 169 2467 1718 2512; baseline -0.001 -11"><span class='ocrx_word' id='word_1_496' title='bbox 169 2479 308 2511; x_wconf 87' lang='lat' dir='ltr'>cunque</span> <span class='ocrx_word' id='word_1_497' title='bbox 334 2471 455 2512; x_wconf 90' lang='lat' dir='ltr'>potest</span> <span class='ocrx_word' id='word_1_498' title='bbox 480 2479 646 2502; x_wconf 87' lang='lat' dir='ltr'>exercere</span> <span class='ocrx_word' id='word_1_499' title='bbox 674 2468 806 2502; x_wconf 87' lang='lat' dir='ltr'>studet.</span> <span class='ocrx_word' id='word_1_500' title='bbox 857 2467 913 2503; x_wconf 88' lang='lat' dir='ltr'>Cf.</span> <span class='ocrx_word' id='word_1_501' title='bbox 940 2468 1023 2503; x_wconf 89' lang='lat' dir='ltr'>Sen.</span> <span class='ocrx_word' id='word_1_502' title='bbox 1051 2469 1095 2503; x_wconf 92' lang='lat' dir='ltr'>de</span> <span class='ocrx_word' id='word_1_503' title='bbox 1123 2469 1225 2503; x_wconf 89' lang='lat' dir='ltr'>clem.</span> <span class='ocrx_word' id='word_1_504' title='bbox 1245 2468 1275 2504; x_wconf 92' lang='lat' dir='ltr'>I.</span> <span class='ocrx_word' id='word_1_505' title='bbox 1303 2469 1404 2509; x_wconf 87' lang='grc'>26,1.</span> <span class='ocrx_word' id='word_1_506' title='bbox 1433 2468 1628 2512; x_wconf 82' lang='lat' dir='ltr'>aliquando</span> <span class='ocrx_word' id='word_1_507' title='bbox 1655 2479 1718 2500; x_wconf 89' lang='lat' dir='ltr'>sua</span> 
     </span>
     <span class='ocr_line' id='line_1_50' title="bbox 168 2515 1718 2560; baseline 0 -12"><span class='ocrx_word' id='word_1_508' title='bbox 168 2515 349 2559; x_wconf 88' lang='lat' dir='ltr'>praesidia</span> <span class='ocrx_word' id='word_1_509' title='bbox 374 2515 412 2548; x_wconf 89' lang='lat' dir='ltr'>in</span> <span class='ocrx_word' id='word_1_510' title='bbox 437 2515 534 2558; x_wconf 88' lang='lat' dir='ltr'>ipsos</span> <span class='ocrx_word' id='word_1_511' title='bbox 561 2518 866 2549; x_wconf 80' lang='lat' dir='ltr'>consurrexerunt</span> <span class='ocrx_word' id='word_1_512' title='bbox 894 2515 1141 2560; x_wconf 83' lang='lat' dir='ltr'>perfidamque</span> <span class='ocrx_word' id='word_1_513' title='bbox 1168 2519 1204 2549; x_wconf 90' lang='lat' dir='ltr'>et</span> <span class='ocrx_word' id='word_1_514' title='bbox 1229 2516 1454 2559; x_wconf 87' lang='lat' dir='ltr'>impietatem</span> <span class='ocrx_word' id='word_1_515' title='bbox 1479 2520 1514 2550; x_wconf 88' lang='lat' dir='ltr'>et</span> <span class='ocrx_word' id='word_1_516' title='bbox 1532 2515 1718 2550; x_wconf 87' lang='lat' dir='ltr'>feritatem</span> 
     </span>
     <span class='ocr_line' id='line_1_51' title="bbox 169 2561 1717 2606; baseline -0.001 -10"><span class='ocrx_word' id='word_1_517' title='bbox 169 2565 205 2596; x_wconf 84' lang='lat' dir='ltr'>et</span> <span class='ocrx_word' id='word_1_518' title='bbox 229 2562 401 2605; x_wconf 89' lang='lat' dir='ltr'>quicquid</span> <span class='ocrx_word' id='word_1_519' title='bbox 427 2562 471 2595; x_wconf 92' lang='lat' dir='ltr'>ab</span> <span class='ocrx_word' id='word_1_520' title='bbox 497 2562 569 2595; x_wconf 93' lang='lat' dir='ltr'>illis</span> <span class='ocrx_word' id='word_1_521' title='bbox 588 2563 801 2603; x_wconf 86' lang='lat' dir='ltr'>didicerant,</span> <span class='ocrx_word' id='word_1_522' title='bbox 828 2562 866 2595; x_wconf 89' lang='lat' dir='ltr'>in</span> <span class='ocrx_word' id='word_1_523' title='bbox 884 2563 981 2606; x_wconf 91' lang='lat' dir='ltr'>ipsos</span> <span class='ocrx_word' id='word_1_524' title='bbox 1000 2567 1249 2598; x_wconf 81' lang='lat' dir='ltr'>exercuerunt.</span> <span class='ocrx_word' id='word_1_525' title='bbox 1289 2562 1371 2597; x_wconf 89' lang='lat' dir='ltr'>Sen.</span> <span class='ocrx_word' id='word_1_526' title='bbox 1391 2563 1523 2597; x_wconf 89' lang='lat' dir='ltr'>Troad.</span> <span class='ocrx_word' id='word_1_527' title='bbox 1551 2562 1629 2598; x_wconf 74' lang='lat'><strong>634.</strong></span> <span class='ocrx_word' id='word_1_528' title='bbox 1657 2561 1717 2595; x_wconf 83' lang='lat' dir='ltr'>de-</span> 
     </span>
     <span class='ocr_line' id='line_1_52' title="bbox 167 2609 926 2653; baseline 0 -11"><span class='ocrx_word' id='word_1_529' title='bbox 167 2609 276 2643; x_wconf 88' lang='lat' dir='ltr'>discit</span> <span class='ocrx_word' id='word_1_530' title='bbox 303 2610 441 2642; x_wconf 90' lang='lat' dir='ltr'>animus</span> <span class='ocrx_word' id='word_1_531' title='bbox 468 2620 548 2643; x_wconf 87' lang='lat' dir='ltr'>sero</span> <span class='ocrx_word' id='word_1_532' title='bbox 575 2609 672 2653; x_wconf 82' lang='lat' dir='ltr'>quod</span> <span class='ocrx_word' id='word_1_533' title='bbox 698 2609 827 2642; x_wconf 88' lang='lat' dir='ltr'>didicit</span> <span class='ocrx_word' id='word_1_534' title='bbox 854 2609 926 2642; x_wconf 91' lang='lat' dir='ltr'>diu.</span> 
     </span>
    </p>

    <p class='ocr_par' dir='ltr' id='par_1_12' title="bbox 263 2655 1718 2701">
     <span class='ocr_line' id='line_1_53' title="bbox 263 2655 1718 2701; baseline -0.002 -10"><span class='ocrx_word' id='word_1_535' title='bbox 263 2657 294 2691; x_wconf 87' lang='lat'>3.</span> <span class='ocrx_word' id='word_1_536' title='bbox 322 2656 519 2701; x_wconf 83' lang='lat' dir='ltr'>Neglectae</span> <span class='ocrx_word' id='word_1_537' title='bbox 546 2660 581 2690; x_wconf 86' lang='lat' dir='ltr'>et</span> <span class='ocrx_word' id='word_1_538' title='bbox 606 2657 706 2690; x_wconf 86' lang='lat' dir='ltr'>tertii</span> <span class='ocrx_word' id='word_1_539' title='bbox 733 2659 770 2689; x_wconf 83' lang='lat' dir='ltr'>et</span> <span class='ocrx_word' id='word_1_540' title='bbox 796 2657 914 2700; x_wconf 88' lang='lat' dir='ltr'>quarti</span> <span class='ocrx_word' id='word_1_541' title='bbox 940 2657 1043 2701; x_wconf 89' lang='lat' dir='ltr'>pedis</span> <span class='ocrx_word' id='word_1_542' title='bbox 1071 2669 1238 2691; x_wconf 88' lang='lat' dir='ltr'>caesurae</span> <span class='ocrx_word' id='word_1_543' title='bbox 1266 2657 1461 2691; x_wconf 90' lang='lat' dir='ltr'>substituta</span> <span class='ocrx_word' id='word_1_544' title='bbox 1487 2659 1541 2690; x_wconf 89' lang='lat' dir='ltr'>est</span> <span class='ocrx_word' id='word_1_545' title='bbox 1569 2655 1718 2690; x_wconf 88' lang='lat' dir='ltr'>secundi</span> 
     </span>
    </p>
   </div>
   <div class='ocr_carea' id='block_1_3' title="bbox 169 2702 1719 2796">
    <p class='ocr_par' dir='ltr' id='par_1_13' title="bbox 169 2702 1719 2796">
     <span class='ocr_line' id='line_1_54' title="bbox 169 2702 1719 2748; baseline -0.001 -11"><span class='ocrx_word' id='word_1_546' title='bbox 169 2703 272 2746; x_wconf 83' lang='lat' dir='ltr'>pedis</span> <span class='ocrx_word' id='word_1_547' title='bbox 299 2707 406 2746; x_wconf 87' lang='lat' dir='ltr'>atque</span> <span class='ocrx_word' id='word_1_548' title='bbox 432 2707 515 2747; x_wconf 89' lang='lat' dir='ltr'>post</span> <span class='ocrx_word' id='word_1_549' title='bbox 542 2703 738 2737; x_wconf 89' lang='lat' dir='ltr'>dimetrum</span> <span class='ocrx_word' id='word_1_550' title='bbox 763 2703 959 2737; x_wconf 89' lang='lat' dir='ltr'>iambicum</span> <span class='ocrx_word' id='word_1_551' title='bbox 985 2705 1173 2739; x_wconf 85' lang='lat' dir='ltr'>diaeresis:</span> <span class='ocrx_word' id='word_1_552' title='bbox 1201 2705 1301 2738; x_wconf 88' lang='lat' dir='ltr'>cuius</span> <span class='ocrx_word' id='word_1_553' title='bbox 1327 2704 1470 2748; x_wconf 84' lang='lat' dir='ltr'>generis</span> <span class='ocrx_word' id='word_1_554' title='bbox 1498 2702 1630 2737; x_wconf 88' lang='lat' dir='ltr'>senarii</span> <span class='ocrx_word' id='word_1_555' title='bbox 1646 2702 1719 2736; x_wconf 85' lang='lat' dir='ltr'>rari</span> 
     </span>
     <span class='ocr_line' id='line_1_55' title="bbox 170 2749 1719 2796; baseline -0.001 -13"><span class='ocrx_word' id='word_1_556' title='bbox 170 2749 349 2784; x_wconf 86' lang='lat' dir='ltr'>habentur</span> <span class='ocrx_word' id='word_1_557' title='bbox 375 2750 415 2784; x_wconf 88' lang='lat' dir='ltr'>cf.</span> <span class='ocrx_word' id='word_1_558' title='bbox 447 2750 552 2784; x_wconf 88' lang='lat' dir='ltr'>Publ.</span> <span class='ocrx_word' id='word_1_559' title='bbox 579 2750 606 2783; x_wconf 80' lang='lat' dir='ltr'>C</span> <span class='ocrx_word' id='word_1_560' title='bbox 634 2752 653 2785; x_wconf 88' lang='grc'>5</span> <span class='ocrx_word' id='word_1_561' title='bbox 679 2750 768 2795; x_wconf 63' lang='grc'>(89).</span> <span class='ocrx_word' id='word_1_562' title='bbox 819 2749 845 2783; x_wconf 83' lang='grc' dir='ltr'>Ο</span> <span class='ocrx_word' id='word_1_563' title='bbox 872 2751 915 2785; x_wconf 83' lang='grc'>33</span> <span class='ocrx_word' id='word_1_564' title='bbox 941 2751 1051 2796; x_wconf 73' lang='lat'><strong>(118).</strong></span> <span class='ocrx_word' id='word_1_565' title='bbox 1102 2751 1136 2785; x_wconf 92' lang='lat' dir='ltr'>D</span> <span class='ocrx_word' id='word_1_566' title='bbox 1162 2752 1218 2786; x_wconf 89' lang='grc'>29.</span> <span class='ocrx_word' id='word_1_567' title='bbox 1269 2751 1301 2785; x_wconf 80' lang='lat' dir='ltr'>N</span> <span class='ocrx_word' id='word_1_568' title='bbox 1320 2751 1363 2785; x_wconf 81' lang='lat'>49</span> <span class='ocrx_word' id='word_1_569' title='bbox 1382 2751 1492 2795; x_wconf 75' lang='grc'>(425).</span> <span class='ocrx_word' id='word_1_570' title='bbox 1542 2749 1719 2784; x_wconf 87' lang='lat' dir='ltr'>Iniuria</span> 
     </span>
    </p>
   </div>
  </div>
 </body>
</html>
