1967 3090
873 94 1200 138 —200——

254 210 284 243 Ο
320 211 335 243 1
372 210 483 254 (436).
534 208 563 242 P
596 209 640 244 27
670 209 783 254 (476).
834 209 866 254 Q
894 210 936 245 18
963 210 1076 254 (518).
1127 210 1159 254 Q
1184 211 1228 245 52
1255 212 1367 256 (552).
1419 210 1452 255 Q
1478 212 1521 248 63
1549 213 1662 258 (563).
1712 213 1737 249 S
1765 216 1800 250 11

253 257 370 301 (594).
420 255 475 290 De
501 257 682 290 sententia
708 256 753 291 cf.
779 256 884 291 Publ.
911 257 942 292 B
970 258 1014 293 18
1038 259 1126 303 (61).

350 303 402 338 12.
430 302 479 337 Ut
506 303 779 346 Alexandrum,
812 303 1054 340 Macedonum
1084 316 1225 349 regem,
1260 305 1410 340 vulnera
1436 318 1499 341 sua
1524 307 1643 354 ὥσπερ
1670 310 1806 346 εἰκόνας

251 352 550 395 ἐγκεχαραγμένας
575 350 701 396 ἀρετῆς
726 355 784 384 καὶ
809 350 1056 398 ἀνδραγαθίας
1084 353 1350 387 circumtulisse
1375 352 1490 388 refert
1516 353 1737 391 Plutarchus
1763 357 1805 392 de

255 398 338 433 virt.
364 398 471 433 Alex.
497 409 532 442 p.
560 398 639 432 331.
667 398 705 433 C.

349 446 400 481 13.
427 445 530 479 Haec
557 447 738 480 sententia
762 446 830 481 hoc
856 447 1001 482 videtur
1027 448 1096 482 sibi
1122 447 1226 489 velle,
1254 448 1315 482 ubi
1341 448 1435 493 ignis
1462 448 1518 489 sit,
1546 449 1598 484 ibi
1623 462 1806 495 nunquam

251 492 402 536 longum
435 495 577 537 tempus
618 494 865 535 intercedere,
908 495 994 529 dum
1034 496 1135 529 calor
1174 498 1369 529 exaestuet.
1446 496 1689 539 Quamobrem
1730 498 1806 532 diu

250 551 325 574 non
355 539 402 573 ad
427 540 521 585 ignis
548 539 728 583 ardentis,
765 542 828 576 sed
853 542 899 576 ad
925 542 1057 577 caloris
1084 542 1285 577 deficientis
1311 546 1455 587 tempus
1481 544 1713 579 referendum
1739 549 1804 580 est.

250 586 344 621 Tum
378 598 464 622 vero
498 590 538 622 ut
570 587 724 633 ignem
757 590 943 633 vapori,
978 590 1030 624 ita
1064 601 1096 625 v,
1129 601 1228 624 esse
1254 590 1366 625 verbo
1393 590 1556 625 deesse
1584 593 1807 627 contrarium

250 634 295 668 sit
328 646 478 669 necesse
518 637 585 670 est.
644 634 775 680 Itaque
801 648 883 671 cum
910 640 945 671 et
972 637 1126 671 Bothius
1153 637 1276 672 defit
1310 641 1346 672 et
1373 636 1588 681 Spengelius
1624 639 1682 674 fit
1715 640 1806 674 mihi

250 684 349 715 recte
376 682 575 716 coniecisse
601 683 830 724 viderentur,
867 686 903 719 et
928 684 997 719 hoc
1022 685 1143 729 recepi
1169 688 1205 718 et
1230 696 1297 728 pro
1324 684 1515 726 deficit,
1550 698 1640 730 quae
1667 690 1722 722 est
1747 699 1804 722 co-

249 728 340 763 dicis
359 728 386 763 C
413 730 604 773 scriptura,
631 741 675 764 ex
701 743 771 775 qua
796 732 980 766 cecidit
1006 732 1043 765 111
1070 733 1195 767 codice
1221 731 1250 766 F
1273 732 1512 776 depravatum
1531 733 1698 775 arbitror,
1726 735 1803 769 de-

249 775 338 810 fiat
365 777 505 821 scripsi.
556 777 712 821 Vapor
737 790 811 812 non
836 782 912 813 tam
938 779 1067 821 fumus,
1103 791 1211 823 quam
1237 780 1335 814 calor
1361 781 1419 814 vel
1445 784 1565 815 aestus
1592 784 1667 820 est,
1699 793 1805 826 quem

248 823 377 857 dicunt
394 822 527 858 Graeci
552 824 662 871 πυρὸς
687 824 808 869 ἀϋτήν.
861 826 914 860 Of.
934 825 1047 871 Verg.
1066 827 1158 862 Aen.
1180 826 1226 861 V.
1246 827 1324 863 682.
1346 828 1424 862 683.
1452 831 1645 872 tantusque
1664 830 1804 864 carinas

248 873 303 904 est
336 882 450 915 vapor
484 874 517 906 et
545 872 622 907 698.
659 874 855 907 restinctus
881 874 996 908 donec
1022 886 1137 918 vapor
1162 875 1289 910 omnis.
1343 874 1390 909 Ut
1424 886 1509 909 vero
1537 876 1625 910 dicit
1652 877 1806 920 ignem

248 917 409 952 facere
435 918 556 953 Plaut.
583 918 679 955 Rud.
707 919 780 954 HI.
808 922 839 962 4,
857 922 913 957 62.
940 922 1094 965 ignem
1120 922 1230 956 fieri
1255 921 1374 957 Plaut.
1403 922 1507 966 Capt.
1535 922 1603 958 IV.
1623 924 1654 965 2,
1670 924 1725 960 63.
1752 924 1806 958 ita

247 965 359 999 etiam
393 966 542 1011 ignem
574 966 752 1002 defieri
779 968 800 1002 i.
829 981 857 1004 e.
885 968 1040 1003 deficere
1066 969 1195 1003 comici
1220 969 1326 1003 latini
1352 970 1541 1005 dixerunt:
1576 971 1677 1005 cuius
1703 971 1805 1006 verbi

246 1012 315 1047 hae
348 1012 425 1047 fere
460 1013 598 1048 formae
630 1015 883 1051 inveniuntur:
918 1016 1095 1050 defieri
1130 1016 1227 1060 apud
1260 1016 1342 1052 Ter.
1376 1016 1468 1052 Hec.
1497 1017 1543 1051 V.
1578 1019 1609 1059 2,
1625 1018 1656 1053 2.
1685 1018 1805 1053 defit

246 1060 343 1104 apud
369 1060 450 1096 Ter.
477 1060 570 1096 Eun.
596 1061 647 1096 II.
684 1064 714 1103 2,
732 1063 786 1098 ⁴12.
837 1063 984 1098 Phorm.
1011 1063 1041 1098 I.
1078 1064 1179 1104 3,10.
1208 1063 1356 1098 defiat
1381 1065 1479 1108 apud
1504 1064 1622 1100 Plaut.
1649 1065 1746 1101 Men.
1772 1065 1802 1100 I.

247 1108 280 1149 4,
296 1108 327 1143 3.
377 1107 473 1143 Rud.
501 1107 569 1144 IV.
597 1109 628 1151 4,
646 1110 700 1145 63.
753 1110 808 1144 Of.
828 1110 941 1155 Verg.
961 1111 1039 1147 Ecl.
1059 1110 1111 1145 Π.
1138 1111 1192 1145 22.
1220 1110 1276 1145 lac
1302 1111 1392 1145 mihi
1409 1123 1482 1145 non
1501 1115 1639 1147 aestate
1658 1125 1803 1155 novum,

246 1165 321 1189 non
347 1154 485 1200 frigore
512 1155 609 1192 defit.
660 1156 770 1201 Prop.
797 1157 827 1193 I.
857 1160 886 1199 1,
901 1159 957 1193 34.
983 1157 1070 1193 defit
1091 1169 1202 1193 amor.
1253 1157 1333 1192 Sen.
1355 1161 1429 1193 nat.
1450 1162 1589 1202 quaest.
1610 1159 1679 1194 VI.
1700 1161 1752 1202 13,
1771 1162 1802 1196 6.

246 1201 336 1236 defit
373 1203 487 1237 calori
526 1206 763 1248 ctmgregatio
801 1207 892 1250 (var.
932 1206 1055 1250 script.
1096 1205 1229 1239 desinit
1268 1205 1404 1243 calidi).
1468 1205 1660 1242 Sententia
1696 1219 1805 1242 causa

246 1253 463 1294 suppetente
489 1262 562 1284 non
588 1251 650 1285 diu
676 1251 838 1286 futurum
864 1264 940 1287 esse
968 1253 1085 1293 docet,
1111 1255 1152 1287 ut
1177 1252 1325 1287 effectus
1353 1257 1607 1297 consequatur.

342 1298 396 1332 14.
424 1297 479 1332 De
515 1299 695 1333 sententia
728 1299 772 1335 cf.
799 1299 906 1334 Publ.
933 1300 967 1344 Q,
991 1301 1035 1335 48
1064 1300 1177 1346 (548).
1229 1299 1353 1344 Quint.
1380 1299 1428 1335 X.
1456 1302 1534 1339 1,4.
1569 1302 1633 1336 sed
1659 1305 1698 1336 ut
1723 1314 1804 1346 per-

246 1345 361 1378 veniri
386 1345 433 1379 ad
459 1357 598 1379 summa
624 1347 693 1380 nisi
720 1358 763 1381 ex
789 1348 981 1391 principiis
1006 1359 1079 1382 non
1104 1351 1245 1392 potest:
1272 1347 1323 1381 ita
1350 1348 1571 1392 procedente
1598 1349 1671 1382 iam
1693 1360 1804 1394 opere

245 1392 398 1426 minima
422 1392 603 1436 incipiunt
629 1405 718 1433 esse,
745 1406 837 1438 quae
862 1395 982 1439 prima
1009 1398 1101 1431 sunt.
1129 1395 1212 1431 coll.
1240 1395 1268 1428 I.
1298 1396 1327 1436 1,
1345 1396 1399 1431 21.
1427 1395 1474 1431 Χ.
1498 1396 1602 1436 218.
1655 1396 1738 1432 Seu.
1758 1397 1803 1432 de

245 1439 366 1474 benef.
393 1439 467 1476 III.
494 1440 549 1482 29,
565 1442 598 1476 4.
634 1442 734 1475 nulla
760 1453 833 1476 non
858 1454 915 1477 res
941 1443 1125 1487 principia
1151 1454 1214 1476 sua
1239 1454 1372 1488 magno
1399 1443 1515 1487 gradu
1541 1444 1685 1478 transit.
1738 1443 1801 1479 Se-

244 1487 343 1521 mina
375 1488 537 1522 omnium
570 1500 692 1522 rerum
725 1501 853 1524 causae
887 1493 970 1524 sunt
996 1494 1032 1524 et
1057 1493 1182 1524 tamen
1207 1491 1378 1524 minimae
1406 1493 1528 1534 partes
1556 1494 1640 1525 sunt
1666 1502 1800 1533 eorum,

244 1537 335 1576 quae
359 1535 517 1580 gignunt
535 1563 542 1570 .
563 1563 569 1569 .
591 1564 598 1571 .
625 1536 724 1570 idem
748 1537 787 1570 in
813 1538 943 1572 ceteris
971 1538 1110 1573 evenit:
1138 1538 1319 1582 principia
1345 1549 1408 1572 sua
1428 1549 1570 1582 semper
1587 1539 1802 1582 magnitudo

243 1580 386 1617 obruet.
415 1583 496 1618 coll.
523 1582 597 1617 III.
625 1584 680 1618 34.
707 1587 782 1619 nat.
809 1588 948 1628 quaest.
976 1585 1043 1619 VI.
1072 1586 1102 1627 5,
1119 1586 1150 1621 3.
1187 1596 1242 1629 ep.
1270 1584 1397 1619 XVII.
1436 1587 1453 1620 1
1491 1586 1593 1631 (101)
1622 1587 1650 1621 1.
1703 1585 1802 1621 Sent.

243 1628 336 1662 falso
362 1630 459 1663 inter
484 1629 590 1666 Publ.
618 1634 753 1675 recept.
783 1632 863 1667 105.

339 1678 392 1712 15.
421 1677 474 1712 Cf.
502 1677 622 1713 Plaut.
651 1677 766 1714 Stich.
792 1679 821 1713 Ι.
851 1680 954 1722 28⁴2.
981 1680 1036 1715 83.
1064 1680 1222 1714 stultitia
1241 1683 1305 1721 est,
1334 1683 1450 1724 pater,
1479 1684 1651 1714 venatum
1669 1681 1802 1716 ducere

241 1723 375 1758 invitas
399 1736 516 1758 canes.
567 1725 696 1760 Hostis
715 1730 770 1760 est
788 1739 890 1767 uxor,
918 1727 1032 1761 invita
1049 1738 1142 1770 quae
1161 1727 1206 1761 ad
1226 1727 1345 1761 virum
1362 1731 1517 1772 nuptum
1536 1727 1654 1761 datur.
1706 1728 1802 1763 Vide

241 1771 412 1816 interpr.:
440 1771 614 1808 Proverb.
641 1773 765 1807 invitis
792 1775 942 1809 canibus
968 1775 1103 1815 venari,
1130 1786 1200 1818 quo
1228 1774 1454 1819 significetur
1476 1786 1550 1808 non
1568 1778 1625 1808 sat
1643 1775 1802 1810 feliciter

242 1819 448 1859 succedere,
476 1820 572 1863 quod
599 1832 618 1853 a
645 1821 854 1855 nolentibus
882 1824 1128 1865 extorquetur.
1181 1821 1263 1855 Ter.
1290 1822 1361 1856 Ad.
1390 1821 1419 1856 I.
1450 1822 1645 1863 1‚43—48.

337 1867 392 1901 16.
418 1866 471 1901 Ut
496 1866 656 1911 Meyero,
690 1868 739 1901 sic
766 1869 855 1902 mihi
881 1881 1023 1913 quoque
1050 1870 1087 1902 in
1112 1881 1238 1903 versus
1264 1869 1365 1904 exitu
1389 1869 1540 1903 verbum
1567 1868 1723 1904 deficere
1748 1871 1800 1904 vi-

240 1912 358 1947 detur.
409 1913 464 1950 Cf.
491 1914 596 1949 Publ.
623 1914 652 1948 F
679 1916 698 1950 6
725 1916 837 1960 (171).
888 1916 1009 1950 Versu
1043 1920 1165 1950 autem
1205 1917 1373 1960 suppleto
1408 1928 1486 1951 cum
1516 1916 1609 1950 duae
1637 1917 1799 1952 eiusdem

241 1961 448 2006 argumenti
474 1962 676 1996 sententiae
703 1963 878 1998 accedant
905 1963 934 1997 F
963 1966 1005 1999 15
1033 1964 1138 2009 (180)
1166 1967 1201 1998 et
1227 1963 1247 1998 I
1272 1964 1317 1999 48
1344 1964 1466 2008 (27551
1493 1963 1553 1997 hic
1580 1964 1708 1998 eadem
1733 1965 1800 1998 illa

241 2009 416 2050 quaestio,
443 2020 533 2052 quae
560 2010 670 2043 etiam
697 2010 777 2043 aliis
804 2011 905 2053 locis,
932 2012 1085 2052 exsistit,
1121 2014 1244 2045 utrum
1270 2022 1313 2045 ex
1339 2011 1383 2045 iis
1410 2022 1519 2050 unam
1546 2010 1706 2045 Publilio
1733 2012 1796 2046 tri-

240 2054 340 2097 buas,
367 2056 526 2099 reliquas
554 2057 718 2102 abroges,
746 2060 785 2092 ut
811 2057 1007 2103 Spengelio
1034 2059 1182 2093 videtur
1206 2058 1268 2104 (cf.
1296 2058 1408 2103 praef.
1433 2070 1467 2102 p.
1487 2059 1560 2102 ί21.)
1587 2070 1668 2092 011111
1692 2059 1797 2093 unius

238 2113 323 2137 vere
350 2102 580 2138 Publilianae
617 2105 694 2139 180.
727 2105 884 2149 reliquas
921 2106 1009 2140 duas
1048 2107 1375 2150 interpretamenta
1409 2106 1562 2142 iudicet.
1598 2118 1643 2140 an
1674 2117 1797 2140 omnes

239 2153 313 2184 tres
351 2162 417 2194 pro
444 2150 663 2185 Publilianis
696 2152 840 2187 habeas.
894 2153 976 2198 Qua
1008 2154 1052 2188 de
1086 2165 1125 2187 re
1155 2154 1246 2187 adeo
1273 2153 1423 2187 difficile
1449 2153 1623 2187 iudicium
1650 2156 1722 2194 est,
1758 2156 1798 2187 ut

240 2199 401 2231 statuere
435 2199 526 2232 certi
560 2199 699 2242 aliquid
732 2200 793 2233 vix
834 2201 955 2236 liceat.
1005 2201 1055 2235 Et
1088 2201 1324 2235 inveniuntur
1357 2200 1454 2244 apud
1479 2199 1680 2234 Publilium
1705 2201 1798 2235 aliae

238 2245 418 2287 quaedam
454 2247 550 2279 inter
587 2258 624 2280 se
663 2247 871 2283 simillimae
910 2252 945 2282 et
983 2260 1067 2282 cum
1104 2248 1196 2282 nihil
1234 2247 1410 2292 impediat
1449 2248 1639 2291 quominus
1673 2248 1796 2292 plures

238 2290 388 2326 Publilii
422 2294 622 2327 sententias
657 2294 819 2329 eiusdem
852 2297 1059 2340 argumenti
1096 2296 1189 2329 latas
1224 2306 1301 2329 esse
1333 2306 1533 2336 sumamus,
1573 2306 1662 2338 quae
1697 2298 1797 2329 certa

239 2338 395 2383 denique
430 2351 555 2374 earum
588 2341 681 2374 ratio
717 2342 763 2375 sit
798 2342 991 2377 diiudicari
1023 2343 1084 2376 vix
1117 2343 1263 2387 poterit.
1316 2341 1368 2377 Of.
1396 2341 1575 2376 Ribbeck.
1610 2342 1656 2376 ad
1689 2341 1795 2378 Publ.

237 2385 257 2419 I
282 2387 302 2421 7
328 2387 430 2432 (236)
456 2388 538 2422 coll.
567 2387 704 2423 Coroll.
731 2400 765 2432 p.
792 2389 973 2424 XCVIII.

333 2435 387 2469 17.
416 2434 469 2470 Cf.
497 2434 576 2470 Ter.
607 2435 741 2470 Heaut.
768 2435 841 2470 III.
871 2439 903 2478 1.
920 2439 974 2473 74.
1026 2437 1117 2471 Hor.
1145 2437 1263 2471 Carni.
1289 2436 1319 2470 I.
1347 2437 1378 2477 3,
1406 2437 1462 2472 25.
1491 2437 1545 2472 26.

334 2482 389 2516 18.
418 2480 581 2526 Simplex
619 2483 770 2517 verbum
804 2496 887 2518 cum
921 2484 1103 2519 Publilius
1138 2484 1340 2528 composito
1375 2486 1574 2527 anteponat
1606 2483 1651 2519 cf.
1687 2482 1791 2518 Publ.

237 2527 268 2561 Β
295 2528 315 2561 9
343 2529 441 2573 (52):
478 2532 555 2563 tum
590 2530 752 2564 iuvare
789 2531 907 2565 solum
932 2544 998 2576 pro
1025 2543 1085 2572 eo,
1121 2532 1217 2575 quod
1246 2542 1377 2575 prosae
1404 2531 1579 2564 orationis
1604 2531 1795 2574 proprium

239 2578 304 2617 est,
338 2575 435 2620 apud
460 2575 663 2610 Publilium
696 2577 853 2612 inveniri
879 2580 1024 2614 videtur
1050 2579 1094 2613 cf.
1121 2578 1227 2613 Publ.
1253 2578 1293 2612 M
1321 2579 1363 2613 36
1390 2578 1502 2622 (344).
1554 2577 1583 2611 P
1612 2578 1654 2612 16
1680 2577 1793 2619 (465).

238 2621 269 2666 Q
298 2624 315 2657 1
343 2624 452 2667 (501).
503 2623 535 2667 Q
566 2625 604 2659 11
632 2625 745 2669 (511).
795 2625 852 2660 De
878 2627 1059 2660 sententia
1086 2626 1131 2662 cf.
1158 2625 1264 2660 Publ.
1292 2624 1323 2669 Q
1350 2625 1393 2660 35
1421 2625 1535 2670 (535).
1588 2624 1612 2658 S
1639 2625 1659 2659 9
1678 2625 1792 2668 (⁷592).

332 2671 388 2705 20.
415 2669 617 2705 Publilium
643 2682 760 2714 neque
786 2674 1055 2717 priusquam
1082 2674 1220 2707 duabus
1248 2672 1428 2717 prioribus
1456 2671 1604 2715 syllabis
1624 2671 1793 2705 brevibus

236 2739 400 2762 mensum
426 2741 503 2763 esse
530 2742 595 2765 nec
621 2733 888 2775 priusquam
924 2733 1062 2766 duabus
1090 2731 1272 2776 prioribus
1298 2731 1336 2764 111
1362 2742 1470 2764 unam
1496 2731 1694 2765 contractis
1721 2731 1792 2774 syl-
