1967 3090
748 157 795 161 -
863 134 947 176 253
1010 157 1065 161 —

222 250 298 285 101.
325 249 382 283 Ita
411 249 546 282 amicus
573 252 661 288 estc,
690 252 729 282 ut
755 248 923 282 inimicus
951 258 1029 281 esse
1055 258 1128 280 non
1154 247 1294 282 timeas.

218 309 251 341 p.
282 297 335 332 25.
363 295 460 330 Mon.
488 295 570 330 XV.
601 297 653 330 11.
683 294 763 338 „W.
790 295 831 330 Β.
859 294 1064 337 Tlieoph1·.·‘
1093 293 1175 328 Wo.
1206 294 1260 328 Cf.
1287 293 1393 327 Publ.
1421 293 1439 327 I
1466 294 1509 328 32
1537 294 1649 334 (261).

221 344 296 378 102.
324 343 430 377 Plato
458 343 562 383 dixit,
589 342 682 376 Eam
707 342 934 376 verissimam
960 341 1133 374 iustitiam
1170 351 1258 381 esse,
1295 352 1386 384 quae
1414 352 1500 384 erga
1534 340 1682 375 inferio-

125 402 183 425 res
211 394 388 425 servatur.

219 450 252 482 p.
282 438 336 472 38.
364 437 447 471 Par.
480 437 530 470 14.

222 485 296 519 103.
324 484 379 518 De
406 484 548 517 cautela
566 482 839 526 Epaminondas
860 482 1120 525 interrogatus.
1148 492 1212 514 cur
1237 492 1305 515 nec
1331 481 1424 515 festo
1451 482 1596 525 quidem
1624 482 1682 515 die

124 532 203 566 aliis
219 530 483 565 dormientibus
499 529 752 573 requiesceret,
769 529 880 564 dixit:
901 527 1085 562 Securitas
1101 528 1257 561 militum
1273 533 1327 562 est
1345 528 1558 572 imperantis
1569 528 1683 563 labor.

217 591 250 622 p.
279 579 333 613 29.
362 577 461 613 Mon.
488 576 612 612 XXX.
642 578 670 611 1.
699 576 754 611 Cf.
782 575 881 610 Sent.
907 575 999 609 falso
1026 575 1123 609 inter
1148 574 1254 610 Publ.
1282 579 1418 619 recept.
1450 576 1525 611 167.

220 626 296 660 104.
323 624 587 659 Demosthenes
614 623 724 658 dixit:
767 622 893 656 Liberi
919 623 1083 666 servique
1126 633 1320 666 personam
1357 623 1491 656 veritas
1518 626 1678 666 separat,

124 673 217 707 servi
244 672 420 715 liberique
446 670 675 705 mendacium
702 670 840 703 miscet.

217 731 250 763 p.
279 720 333 754 36.
353 718 435 754 Par.
456 719 486 753 9.
508 717 631 751 Verba
659 717 783 750 servi
810 717 1043 760 liberique
1068 727 1263 760 perperam
1282 717 1427 750 invecta
1452 721 1551 759 sunt3
1578 717 1682 750 locus

124 767 173 800 sic
215 766 390 810 legendus
418 765 579 799 videtur:
623 763 749 797 Liberi
776 764 940 806 servique
967 775 1158 807 personam
1207 763 1342 797 veritas
1386 767 1541 807 separat.
1584 775 1682 797 men—

124 814 267 848 dacium
294 813 433 847 miscet.

221 861 296 895 105.
323 859 431 893 Malis
457 859 605 901 loquere
631 857 727 900 quod
753 861 899 901 gratum
927 859 983 899 sit,
1011 857 1123 891 facito
1150 857 1248 900 quod
1276 857 1432 901 expedit.

246 934 252 940 .
287 908 335 941 19.
362 905 460 941 Mon.
487 907 542 940 24.

216 920 388 997 Loquere
417 953 513 996 quod
540 957 687 994 gratum
712 956 783 994 est3
812 952 922 986 facito
949 951 1046 995 quod
1073 952 1230 995 expedit.

218 1013 253 1045 p.
280 1001 335 1035 42.
363 1000 446 1034 Par.
475 1000 529 1034 75.
558 999 696 1043 Haupt.
724 998 819 1034 Phil.
845 998 918 1034 III.
961 1011 995 1043 p.
1023 999 1100 1033 378.
1129 1011 1161 1033 v.
1187 999 1244 1033 43.
1271 998 1378 1032 Malis
1407 999 1553 1041 loquere
1587 999 1683 1042 quod

122 1051 268 1092 gratum
295 1051 360 1087 est,
388 1047 467 1080 face
493 1047 589 1090 quod
617 1046 776 1090 expedit.

219 1095 294 1130 106.
322 1093 481 1128 Lucrum
506 1098 612 1137 turpe
638 1098 677 1127 ut
703 1093 935 1137 dispendium
962 1091 1091 1137 fugito.

215 1154 250 1186 p.
281 1142 334 1176 18.
362 1141 459 1175 Mon.
488 1140 518 1176 Ι.
546 1142 577 1175 3.
607 1140 687 1182 ,.W.
716 1140 758 1174 B.
787 1140 910 1174 Soerf‘
939 1139 1022 1175 Wo.
1050 1139 1184 1174 Omisit
1209 1140 1349 1184 Haupt.
1392 1139 1486 1174 Phil.
1529 1139 1601 1174 III.
1644 1153 1682 1185 p.

123 1189 200 1224 378.
228 1200 260 1223 V.
289 1189 344 1223 55.
370 1187 679 1231 Dispendium
705 1188 727 1222 i.
755 1199 784 1223 e.
811 1187 1083 1223 detrimentum.
1105 1191 1279 1231 sumptus,
1299 1188 1473 1221 damnum
1497 1187 1541 1221 cf.
1561 1186 1681 1222 Plaut.

121 1235 218 1270 Men.
245 1235 318 1270 III.
347 1236 377 1270 2.
406 1236 461 1270 20.
489 1234 570 1270 Ter.
598 1234 687 1269 Hec.
721 1234 760 1268 V.
790 1235 821 1269 2.
851 1235 906 1270 29.
933 1233 1028 1269 Eun.
1057 1234 1102 1268 V.
1130 1235 1161 1275 4,
1191 1235 1220 1269 7.
1251 1234 1397 1269 Lucret.
1425 1233 1476 1269 II.
1507 1235 1607 1269 1125.
1626 1234 1679 1269 Cf.

122 1282 229 1327 Diog.
256 1282 381 1317 Laert.
409 1281 438 1315 I.
467 1282 497 1321 7.
526 1282 580 1317 97.
608 1280 710 1315 Stob.
737 1281 835 1316 Flor.
862 1285 887 1315 t.
915 1280 987 1315 ΙΙΙ,
1017 1282 1070 1316 79.
1098 1281 1203 1315 Publ.
1224 1281 1443 1326 D13111351.
1466 1281 1680 1325 P3044791.

226 1330 299 1364 107.
327 1329 576 1367 Democrates.
605 1340 686 1362 cum
712 1329 950 1373 magistratus
975 1328 1257 1363 Atheniensium
1283 1328 1400 1362 furem
1426 1329 1607 1372 quendam
1637 1329 1683 1362 ad

125 1388 283 1420 poenam
308 1382 491 1420 raperent.
520 1375 654 1419 Magni,
682 1376 810 1419 inquit.
839 1375 936 1409 fures
962 1376 1119 1410 minores
1145 1376 1314 1420 puniunt.

216 1435 250 1467 p.
278 1424 332 1458 31.
360 1422 458 1457 Mon.
486 1422 668 1456 XXXIV.
700 1425 729 1458 1.
756 1423 810 1458 Cf.
839 1423 943 1457 Stob.
970 1422 1067 1457 Flor.
1110 1427 1135 1456 t.
1174 1423 1225 1463 13,
1255 1423 1310 1458 30.
1346 1422 1452 1457 Idem
1477 1422 1682 1467 Diogenem

122 1470 299 1526 Cynicum
326 1471 459 1504 dixisse
487 1477 611 1504 narrat
638 1469 747 1515 Diog.
774 1470 900 1504 Laert.
928 1469 996 1504 VI.
1024 1470 1054 1509 2,
1077 1473 1107 1511 6,
1128 1471 1183 1504 45.
1210 1472 1244 1502 οἱ
1273 1468 1423 1513 μεγάλοι
1448 1469 1594 1503 κλέπται
1616 1469 1681 1503 τὸν

121 1532 249 1561 (li-2901)
275 1530 408 1561 (IJ'OI‘OL.

220 1564 296 1600 1023.
331 1563 449 1598 Iudex
475 1564 591 1597 iustus
620 1564 689 1598 erit
716 1575 833 1605 nemo,
872 1563 942 1597 nisi
984 1564 1044 1607 qui
1071 1564 1115 1597 de
1143 1575 1179 1598 se
1205 1564 1422 1607 cogitaverit
1449 1565 1601 1598 alterum
1628 1565 1680 1598 in-

125 1612 255 1646 dicare.

218 1671 252 1703 p.
280 1659 334 1693 34.
362 1658 460 1693 Mon.
487 1657 666 1693 XLVIII.
699 1660 725 1694 1.
769 1658 851 1699 ..W.
887 1658 929 1692 Β.
956 1657 1141 1702 Diogenes
1169 1686 1176 1692 .
1205 1685 1212 1692 .
1241 1686 1247 1693 .
1277 1686 1283 1693 .
1311 1659 1483 1701 quoniam
1511 1670 1575 1692 sua
1601 1669 1680 1692 sen-

122 1706 239 1740 tentia
264 1705 542 1749 (conscientiam
570 1717 713 1749 semper
739 1717 821 1739 reus
850 1717 886 1739 se
913 1706 1032 1749 ipsum
1059 1705 1200 1749 punit.“
1230 1705 1310 1740 Wo.

224 1753 296 1787 109.
339 1752 597 1787 Praesentibus
624 1764 690 1796 pro
718 1753 849 1786 solatio
876 1757 967 1786 esto.
1021 1751 1127 1786 Malis
1155 1752 1301 1795 loquere
1328 1752 1423 1796 quod
1450 1756 1595 1796 gratum
1622 1753 1678 1792 sit,

128 1800 240 1834 facito
268 1799 364 1842 quod
391 1799 547 1843 expedit.

217 1859 251 1891 p.
284 1847 334 1882 19.
361 1846 459 1880 Mon.
504 1846 532 1880 Ι.
576 1847 632 1881 23.
671 1847 725 1881 Cf.
754 1847 859 1882 Caec.
902 1846 1007 1881 Balb.
1035 1845 1136 1880 Sent.
1163 1845 1210 1881 V.
1240 1846 1317 1881 105.
1369 1845 1426 1880 De
1451 1846 1680 1881 emendando

122 1895 203 1928 loco
230 1893 313 1927 vide
339 1904 430 1936 quae
456 1894 639 1937 disputavi
666 1894 711 1928 ad
739 1893 844 1929 Caec.
871 1893 976 1927 Ball).
1007 1892 1107 1927 Sent.
1136 1892 1180 1926 V.
1203 1893 1279 1927 144.
1299 1893 1350 1927 Ut
1369 1893 1441 1928 Cic.
1462 1892 1593 1929 Parad.
1613 1893 1681 1927 IV.

123 1941 178 1976 27.
206 1941 442 1974 tolerantiam
468 1941 652 1974 fortunae:
680 1941 732 1975 ita
758 1940 881 1985 Quint.
908 1940 961 1975 Π.
989 1941 1043 1980 20,
1090 1940 1142 1975 10.
1171 1940 1318 1981 doloris,
1359 1940 1406 1975 V.
1435 1941 1488 1982 10,
1517 1941 1572 1975 33.
1605 1952 1679 1974 ma-

122 1988 241 2022 lorum
267 1988 332 2025 (cf.
359 1986 548 2031 Spalding.
576 1987 699 2023 adnot.
727 1989 824 2029 crit.)
852 1988 956 2021 dixit.

220 2035 295 2070 110.
322 2034 460 2068 Malum
488 2034 644 2068 alienum
669 2040 771 2068 tuum
797 2046 842 2068 ne
868 2034 997 2068 feceris
1023 2034 1206 2077 gaudium.

217 2093 251 2124 p.
282 2082 333 2115 19.
360 2081 459 2116 Mon.
479 2080 509 2116 I.
532 2083 584 2116 16.
602 2093 637 2125 p.
652 2082 708 2118 41.
723 2081 806 2117 Par.
824 2081 884 2115 Or.
920 2081 1002 2122 ‚‚W.
1029 2081 1071 2115 B.
1099 2080 1223 2116 Socrf‘
1249 2081 1331 2114 Wo.
1352 2080 1407 2116 Cf.
1434 2080 1540 2117 Publ.
1559 2081 1607 2116 M.
1624 2083 1680 2117 60.

125 2129 180 2164 72.
208 2127 306 2163 Sent.
335 2127 426 2162 falso
453 2128 549 2162 inter
573 2128 680 2162 Publ.
708 2132 843 2173 recept.
889 2129 965 2163 153.
998 2127 1232 2173 Significatur
1257 2128 1394 2162 malum
1418 2127 1575 2162 hominis
1608 2140 1682 2163 ma-

123 2175 213 2220 ligni
239 2175 422 2220 gaudium.
451 2186 559 2218 quam
577 2175 711 2209 Graeci
728 2178 861 2210 vocant
886 2176 1187 2219 ἐπιχαιρεκακῐαυε
1215 2175 1297 2209 vide
1323 2174 1404 2210 Ter.
1423 2175 1540 2209 Andr.
1561 2174 1628 2216 IV,
1649 2178 1679 2217 1,

126 2223 224 2257 1—9.
253 2222 318 2257 Ov.
346 2221 454 2255 Trist.
484 2221 529 2257 V.
557 2222 588 2263 8,
616 2223 671 2258 33.
706 2223 761 2258 34.
805 2222 1013 2265 Swedberg.
1041 2222 1087 2255 ad
1112 2221 1217 2257 Publ.
1245 2234 1277 2257 V.
1306 2223 1359 2257 13.
1395 2221 1509 2256 Plura
1534 2225 1680 2256 tentans

124 2269 263 2313 Haupt.
291 2269 386 2303 Phil.
412 2268 483 2303 III.
512 2281 546 2313 p.
574 2269 652 2305 376.
678 2281 712 2305 V.
749 2271 801 2304 10.
835 2270 886 2303 sic
927 2269 1160 2304 scribendum
1194 2269 1321 2303 melius
1357 2273 1499 2304 censet:
1541 2269 1680 2303 Malum

127 2316 285 2350 alienum
311 2321 413 2349 tuum
439 2327 485 2350 ne
511 2317 623 2350 facias
648 2316 832 2361 gaudium.
882 2316 941 2352 Ri.
968 2315 1014 2352 V.
1042 2316 1121 2351 216.
1146 2315 1285 2350 Malum
1310 2327 1355 2350 ne
1379 2316 1537 2350 alienum
1551 2316 1680 2351 feceris

123 2367 225 2396 tuum
250 2363 436 2407 gaudium.

222 2411 297 2445 111.
349 2409 465 2444 Solati
491 2410 578 2443 mali
604 2414 660 2444 est
686 2410 845 2455 dignitas
873 2410 1112 2445 adversantis.

218 2468 253 2501 p.
281 2457 336 2492 30.
363 2456 463 2491 Mon.
490 2456 658 2491 XXXII.
687 2457 717 2492 2.

220 2505 298 2538 112.
325 2504 466 2537 Auctor
492 2504 606 2538 malus
634 2504 768 2538 bonam
794 2515 871 2537 rem
896 2507 1041 2547 turpem
1068 2504 1166 2539 facit.

218 2561 252 2594 p.
281 2551 335 2586 27.
363 2550 462 2586 Mon.
488 2550 617 2586 XXII.
633 2553 665 2587 5.
681 2551 763 2591 .‚W.
791 2550 832 2585 B.
861 2550 985 2585 Socr.*⁸
1011 2550 1148 2594 Haupt.
1169 2550 1264 2586 Phil.
1293 2550 1366 2587 III.
1393 2563 1428 2595 p.
1456 2552 1534 2587 377.
1554 2564 1586 2586 ν.
1608 2552 1679 2587 19.;

123 2597 264 2631 Auctor
289 2597 404 2631 malus
431 2598 565 2631 bonam
590 2610 666 2632 rem
692 2610 765 2632 non
790 2598 924 2632 bonam
959 2598 1057 2633 facit.
1100 2597 1158 2633 Ri.
1194 2610 1227 2633 V.
1263 2598 1360 2633 251.:
1404 2598 1524 2633 Malus
1556 2603 1681 2633 auctor

125 2644 234 2677 etiam
260 2644 452 2679 honestam
476 2657 554 2679 rem
579 2650 725 2689 turpem
751 2644 847 2679 facit.

224 2691 298 2735 113.
325 2690 488 2726 Phocion
514 2692 623 2727 dixit:
652 2693 723 2726 duo
749 2692 907 2726 maxime
926 2692 1111 2725 contraria
1130 2703 1207 2726 esse
1226 2692 1388 2733 consilio,
1408 2692 1680 2727 festinationem

125 2740 161 2771 et
188 2738 289 2773 iram.
