1967 3090
215 1487 259 1521 66

789 141 1102 184 -277—

318 261 459 301 keineu,
488 261 538 294 sie
564 260 683 293 haben
702 258 764 292 ihn
784 258 910 292 denn.“
941 255 1036 290 Vide
1054 255 1229 289 Wander.
1249 253 1423 287 Deutsch.
1443 251 1726 296 Sprichw'orter-

320 309 406 343 Lex,
433 311 510 342 tom
535 306 610 342 III.
637 318 671 351 p.
703 306 800 341 ww.
854 304 900 339 V.
929 314 1091 337 eruere
1116 313 1193 336 esse
1219 301 1440 344 investigare
1458 299 1515 333 vel
1542 311 1561 333 e
1586 297 1728 333 latebra

320 355 532 400 protrahere
559 354 664 388 docet
699 353 772 388 Cic.
798 352 899 386 Fam.
931 350 972 385 V.
1009 350 1062 385 112».
1097 361 1168 393 qua
1199 349 1236 382 in
1269 347 1425 392 epistola
1457 346 1646 386 Vatinius,
1683 345 1728 379 de

324 402 502 446 Dionysio
528 404 602 441 tuo,
637 401 764 444 inquit,
802 399 920 433 adhuc
953 397 1044 431 nihil
1071 397 1228 430 extrico:
1264 398 1301 429 et
1326 406 1367 428 eo
1393 394 1522 434 minus,
1550 393 1646 436 quod
1671 403 1729 426 me

321 450 436 494 frigus
467 448 713 483 Dalmaticum
750 446 846 491 quod
878 445 980 479 illinc
1014 444 1129 484 eiecit,
1164 443 1273 477 etiam
1308 442 1366 475 hic
1391 440 1631 485 refrigeravit.
1665 439 1729 474 sed

322 500 443 531 tamen
480 507 552 529 non
591 495 781 532 desistam,
829 493 915 537 quin
948 492 1053 526 illum
1089 492 1249 535 (servum
1287 489 1498 533 fugitivum)
1534 487 1729 531 aliquando

322 555 485 578 eruam.
516 543 597 577 Liv.
624 542 709 586 epit.
737 540 817 576 CH.
845 551 887 574 ea
913 538 1115 574 coniuratio
1140 537 1321 571 industria
1345 535 1392 570 M.
1413 535 1525 569 Tullii
1545 534 1730 569 Ciceronis

323 594 453 625 eruta
487 593 568 625 est.
619 589 677 624 Ri.
703 601 736 624 V.
764 588 823 623 58:
863 586 1094 621 Immeritum
1126 585 1264 618 nullum
1300 583 1435 624 occide⁷
1470 593 1515 616 ne
1540 581 1731 615 inimicum

326 638 482 682 quidem.

255 713 261 720 .
290 685 407 729 Quam
433 685 595 728 iniquum
622 686 675 717 est
701 682 879 723 nocuisse,
906 681 991 725 quia
1017 680 1139 714 oderis
1166 679 1321 713 laedere.

255 761 261 768 .
289 732 471 776 Quantum
498 731 653 774 iniquius
680 729 807 769 odisse,
836 729 919 772 quia
944 728 1103 761 laeseris.

287 780 413 814 Verba
449 779 500 813 sic
537 778 710 811 videntur
745 775 952 810 scribenda:
994 773 1132 818 „Quam
1164 773 1328 816 iniquum
1362 775 1415 806 est
1441 771 1608 810 voluisse,
1649 771 1733 813 quia

324 827 454 866 oderis,
494 825 658 866 laedere;
698 826 834 868 quanto
871 826 992 856 autem
1018 821 1174 864 iniquius
1208 820 1337 860 odisse,
1366 819 1450 862 quia
1475 818 1643 852 laeseris!
1677 816 1732 851 Cf.

322 874 404 909 Tac.
429 873 521 916 Agr.
549 872 610 906 42:
637 871 833 915 Proprium
858 870 1008 903 humani
1034 868 1173 914 ingenii
1199 871 1255 901 est
1280 867 1408 907 odisse⁷
1437 877 1543 909 quem
1569 865 1731 900 laeseris

321 921 379 956 Ri.
405 932 438 954 V.
466 920 526 955 59:
553 918 670 962 Quam
695 918 829 952 inicum
856 917 1015 951 odissest
1041 918 1071 949 si
1097 926 1204 959 quem
1228 914 1411 948 immerito
1437 913 1598 947 laeseris.

253 997 260 1004 .
287 967 407 1011 Quam
431 977 646 1011 magnarum
670 966 801 999 virium
827 968 883 1000 est
907 965 1101 1009 neglegere
1126 961 1349 997 laedentem!

254 1042 260 1049 .
288 1014 359 1058 Qui
385 1015 482 1048 enim
506 1013 677 1049 vindicat.
705 1013 827 1048 sentit.

288 1060 536 1096 Pseudo-Seu.
563 1061 607 1094 de
633 1072 723 1096 mor.
751 1061 806 1095 21.
831 1060 890 1095 Ri.
917 1071 948 1093 v.
977 1060 1032 1094 61.

294 1109 391 1154 Quid
419 1109 466 1142 sis
492 1109 654 1147 interest,
682 1119 754 1141 non
781 1107 867 1150 quid
892 1106 1074 1141 habearis.

291 1155 527 1190 Pseudo-Seu
553 1156 598 1189 de
622 1166 712 1190 mor.
740 1156 795 1190 22.
823 1154 921 1188 Sent.
941 1154 1034 1187 falso
1058 1153 1154 1186 inter
1171 1151 1279 1186 Publ.
1297 1153 1434 1194 recept.
1457 1150 1530 1184 lm.
1552 1148 1609 1183 Ri.
1628 1161 1660 1183 V.
1680 1148 1735 1182 63.

256 1232 263 1239 .
291 1203 462 1248 Quamvis
490 1214 586 1247 agas,
614 1206 653 1235 ut
679 1213 724 1235 ne
751 1202 829 1245 quis
855 1202 984 1236 merito
1011 1204 1073 1234 tuo
1098 1204 1134 1234 te
1161 1199 1288 1239 oderit,
1316 1201 1422 1232 erunt
1447 1200 1571 1230 tamen
1598 1205 1738 1239 semper

292 1250 605 1332 Pislelili(l(‹)3(}gleliril.tde
622 1308 712 1331 mor.
732 1296 787 1331 26.
807 1295 907 1329 Sent.
936 1295 1028 1329 falso
1053 1295 1150 1328 inter
1166 1293 1272 1328 Publ.
1299 1295 1434 1336 recept.
1462 1292 1516 1326 48.
1544 1290 1601 1325 Ri.
1629 1301 1661 1325 v.
1681 1289 1736 1324 64.

254 1372 260 1378 .
288 1344 405 1389 Quam
430 1356 602 1388 magnum
628 1347 683 1378 est
708 1355 779 1377 non
806 1343 947 1377 laudari
973 1346 1008 1376 et
1035 1353 1113 1376 esse
1139 1340 1372 1375 laudabilem.

303 1392 418 1436 Lege:
457 1391 555 1425 nolle
589 1391 731 1425 laudari
766 1393 804 1424 et
829 1402 858 1424 e.
885 1390 908 1425 1.
943 1388 1192 1424 Pseudo-Seu.
1224 1388 1269 1422 de
1301 1398 1389 1422 mor.
1418 1387 1472 1422 38.
1509 1385 1611 1421 Sent.
1645 1384 1737 1419 falso

334 1439 431 1473 inter
455 1438 559 1472 Publ.
587 1442 723 1482 recept.
751 1438 830 1473 289.
857 1437 915 1472 Ri.
941 1449 974 1471 V.
1002 1437 1056 1471 65.

264 1514 270 1521 .
298 1485 368 1529 Qui
395 1497 603 1520 succurrere
628 1486 790 1529 perituro
816 1487 948 1528 potest,
977 1496 1057 1518 cum
1083 1495 1156 1518 uon
1182 1482 1369 1522 succurrit,
1398 1480 1542 1515 occidit.

293 1532 401 1567 Vino.
429 1533 521 1567 Bell.
542 1544 593 1577 sp.
620 1534 654 1568 d.
681 1533 713 1574 4,
742 1533 796 1567 67.
824 1531 881 1566 Ri.
910 1544 941 1568 v.
969 1532 1031 1567 66:
1059 1530 1204 1565 Occidit
1222 1530 1372 1573 quinon
1392 1530 1513 1562 servat
1538 1527 1739 1571 periturum

328 1580 390 1614 ubi
415 1584 547 1624 potest.

259 1654 266 1661 .
295 1627 391 1671 Quid
417 1630 473 1661 est
498 1628 635 1661 homini
662 1625 974 1660 inimicissimum?
999 1626 1092 1659 alter
1116 1625 1237 1659 homo.

296 1673 545 1709 Pseudo-Seu.
572 1674 616 1708 de
642 1685 731 1708 mor.
760 1675 791 1709 5.
818 1674 876 1709 Ri.
904 1685 936 1709 V.
965 1673 1021 1709 67.

263 1748 269 1754 .
299 1721 400 1765 Quae
426 1726 507 1755 sunt
533 1722 713 1755 maximae
739 1720 910 1755 diw‘tiae‘?
943 1731 1016 1754 non
1042 1719 1251 1754 desiderare
1278 1717 1434 1752 divitias,

295 1767 542 1803 Pseudo-Sen.
570 1769 615 1802 de
641 1780 731 1804 mor.
759 1768 813 1803 45.
840 1768 899 1803 Ri.
926 1779 959 1803 V.
987 1768 1042 1803 68.

263 1843 269 1851 .
298 1815 385 1860 Quis
411 1816 610 1860 plurimum
635 1815 770 1850 habet?
796 1816 827 1849 is
853 1815 913 1858 qui
939 1814 1129 1848 minimum
1156 1813 1264 1857 cupit.

297 1862 544 1897 Pseudo—Sem.
573 1863 618 1897 de
642 1874 732 1896 mor.
760 1863 815 1898 46.
843 1862 902 1897 Ri.
921 1874 953 1896 V.
981 1862 1036 1897 68.

303 1909 399 1954 Quid
426 1913 480 1944 est
506 1910 591 1944 dare
616 1909 859 1945 beneficium?
885 1909 1022 1943 imitari
1049 1909 1165 1943 deum.

302 1956 550 1992 Pseudo-Seu.
578 1958 623 1991 de
648 1968 738 1991 mor.
766 1957 820 1991 47.
848 1956 906 1990 Ri.
934 1968 966 1991 V.
994 1956 1049 1991 70.

268 2030 274 2037 .
304 2003 393 2048 Quis
420 2008 476 2038 est
502 2004 664 2048 pauper?
691 2005 750 2047 qui
778 2004 846 2037 sibi
872 2004 1018 2037 videtur
1044 2003 1154 2036 dives.

300 2050 419 2095 Lege:
459 2063 492 2095 q.
532 2064 558 2085 3.
594 2064 624 2085 V.
660 2051 814 2095 indiges.
849 2049 1096 2084 Pseudo-Ser..
1130 2050 1175 2082 de
1207 2060 1295 2084 mor.
1324 2049 1378 2082 60.
1408 2048 1507 2082 Sent.
1534 2047 1624 2081 falso
1650 2047 1746 2080 inter

334 2097 440 2133 Publ.
466 2102 602 2142 recept.
629 2098 708 2133 231.
735 2098 794 2132 Ri.
820 2109 853 2131 V.
881 2098 936 2133 71.

270 2172 276 2180 .
305 2144 463 2189 Quidam
487 2145 626 2178 inimici
652 2155 781 2189 graves
807 2148 890 2178 sunt
916 2144 1022 2178 amici
1048 2144 1157 2179 leves.

302 2191 417 2236 Lege:
445 2191 639 2236 Quondam
664 2192 803 2226 inimici
829 2203 957 2237 graves
984 2194 1067 2224 sunt
1094 2191 1198 2224 amici
1225 2191 1334 2224 leves.
1383 2187 1588 2223 Sententia:
1624 2186 1744 2231 Quon-

339 2239 422 2276 dam
448 2240 486 2281 (i.
506 2250 536 2275 e.
555 2239 739 2272 interdum
757 2239 801 2273 cf.
816 2238 926 2282 Verg.
942 2238 1036 2273 Aen.
1056 2237 1106 2272 II.
1134 2238 1219 2283 367)
1245 2237 1296 2278 fit,
1323 2240 1364 2271 ut
1389 2237 1450 2280 qui
1474 2235 1572 2269 leves
1598 2234 1746 2268 fuerunt

338 2287 454 2326 amici,
482 2286 591 2320 iidem
618 2297 661 2319 ex
688 2286 812 2320 amicis
840 2286 927 2320 facti
952 2285 1091 2319 inimici
1118 2285 1190 2318 sint
1206 2296 1344 2329 graves.
1378 2283 1437 2318 Ri.
1455 2295 1488 2316 v.
1508 2283 1570 2317 72:
1590 2281 1747 2325 Quidam

335 2333 433 2367 leves
460 2334 564 2368 amici
592 2334 729 2367 inimici
756 2337 840 2366 sunt
866 2344 1007 2377 graves.

268 2408 275 2415 .
302 2380 536 2424 Quietissime
568 2381 733 2414 viverent
766 2380 939 2421 homines⁷
976 2381 1002 2413 si
1039 2380 1109 2414 duo
1142 2380 1254 2414 verba
1287 2378 1526 2413 tollerentur:
1564 2387 1684 2411 meum
1710 2378 1747 2409 et

302 2431 550 2509 Pgelulilg-Sen.
578 2475 622 2508 de
648 2486 737 2510 mor.
765 2475 819 2509 98.
846 2474 905 2509 Ri.
931 2486 964 2509 V.
993 2475 1048 2509 73.

305 2520 376 2566 Qui
400 2526 657 2566 paupertatem
684 2522 802 2562 timet,
830 2533 936 2565 quam
961 2521 1111 2555 timidus
1138 2521 1210 2555 est!

305 2569 488 2603 timendus
515 2568 624 2604 PRO.
653 2567 898 2603 Pseudo-sen.
925 2569 970 2602 de
995 2580 1084 2604 mor.
1112 2570 1166 2603 99.
1193 2568 1241 2603 Ri
1266 2580 1298 2602 V.
1327 2568 1381 2602 74.

271 2644 278 2651 .
306 2614 413 2660 Quod
439 2617 592 2650 tacitum
619 2627 695 2650 esse
721 2616 785 2655 vis,
813 2615 949 2649 nemini
975 2615 1119 2656 dixeris,

272 2690 277 2696 .
306 2663 389 2705 quia
414 2674 488 2697 non
513 2664 654 2707 poteris
681 2663 725 2696 ab
754 2663 824 2696 alio
851 2663 996 2706 exigere
1023 2663 1217 2703 silentium,
1246 2663 1276 2695 si
1293 2662 1359 2696 tibi
1385 2662 1462 2704 ipse
1481 2671 1554 2693 non
1570 2660 1747 2703 praestas.

304 2708 552 2746 Pseudo-Seu.
580 2711 624 2744 de
651 2721 739 2743 mor.
772 2710 823 2744 16.
860 2710 958 2745 Sent.
986 2709 1077 2743 falso
1103 2710 1199 2744 inter
1224 2709 1328 2743 Publ.
1361 2711 1496 2751 recept.
1525 2707 1602 2741 31¹2.
1629 2704 1688 2739 Ri.
1714 2715 1747 2738 V.

340 2757 394 2792 75.
423 2757 475 2791 Cf.
503 2757 608 2792 Publ.
637 2756 670 2800 Q
700 2758 739 2791 12
766 2758 877 2801 (512).
