1967 3090
757 122 1077 164 —217—

145 244 245 275 tutus
272 243 395 284 potest
421 239 502 274 coll.
528 238 636 273 Fabr.
662 250 718 282 ap.
745 236 834 272 Zell.
861 248 894 280 p.
923 235 978 270 68.
997 246 1030 269 v,
1057 235 1134 269 200.
1163 240 1199 268 et
1217 233 1418 268 Kremsier.
1444 233 1543 277 1147
1562 245 1593 266 V.
1613 232 1694 267 491.

145 287 227 322 Sen.
265 287 308 321 de
340 287 382 321 ir.
415 285 465 319 Π.
494 287 548 320 33.
590 287 615 320 1.
651 284 897 329 potentiorum
930 282 1082 316 iniuriae
1114 281 1220 315 hilari
1257 281 1369 321 vultu,
1404 292 1476 314 non
1510 280 1695 324 patienter

145 339 288 369 tantum
321 333 492 367 ferendae
527 337 619 366 sunt.
657 331 707 366 Π.
736 331 789 369 34,
822 333 849 364 1.
885 341 964 363 curn
998 340 1086 372 pare
1113 329 1333 362 contendere
1360 339 1491 372 anceps
1518 331 1583 367 est,
1613 338 1695 361 cum

146 382 331 425 superiore
362 381 547 414 furiosum.
584 390 665 413 cum
700 378 871 412 inferiore
899 376 1085 410 sordidum
1121 375 1238 413 (Sent.
1266 375 1358 408 falso
1385 376 1481 409 inter
1506 373 1612 409 Publ.
1640 385 1695 407 re—

147 434 229 472 cept
255 428 336 466 wi.
364 426 438 462 III.
466 428 496 460 Ξ).
523 432 555 461 θ’.
583 431 645 460 aut.
670 425 855 469 potentior
880 428 916 458 te
940 427 999 456 aut
1018 423 1238 456 imbecillior
1263 422 1387 455 laesit:
1417 423 1446 455 si
1466 421 1694 459 imbecillior,

145 476 270 510 laesit:
298 475 327 508 si
353 474 581 514 imbecillior,
608 484 719 517 parce
746 471 808 511 illi,
845 472 874 504 si
900 470 1097 514 potentior,
1130 469 1210 504 tibi.
1239 468 1321 503 Sen.
1350 481 1404 512 ep.
1433 468 1485 502 II.
1514 470 1533 503 ἱ)
1559 469 1637 505 (14)
1663 468 1694 502 7.

145 524 267 566 itaque
293 522 437 565 sapiens
464 532 644 563 nunquam
671 519 874 563 potentium
900 518 972 550 iras
998 516 1222 560 provocabit.
1250 517 1359 549 immo
1390 516 1598 555 declinabit,
1626 527 1696 549 non

149 570 256 604 aliter
281 581 388 612 quam
415 569 452 602 in
478 567 682 611 navigando
708 565 916 610 procellam.

244 617 299 651 35.
326 615 430 649 Haec
448 614 627 649 sententia
644 624 716 647 non
735 613 780 647 de
806 612 991 646 hominum
1017 611 1167 651 malitia,
1197 610 1261 644 sed
1280 610 1324 643 de
1350 610 1560 643 innocentia
1586 609 1697 642 animi

147 668 213 698 est.
252 662 369 697 Docet
395 663 491 697 enim
516 672 650 705 paucos
677 671 764 697 esse,
792 659 854 703 qui
880 670 960 692 cum
989 658 1128 702 possint
1154 668 1307 701 peccare
1331 657 1466 690 nolint:
1493 657 1695 700 pauciore&

147 712 256 744 immo
282 710 402 744 nullos
430 720 516 748 esse.
553 709 613 752 qui
647 707 692 740 ad
726 718 805 741 eam
839 706 951 740 animi
976 706 1223 739 innocentiam
1248 704 1505 748 processerint,
1534 709 1571 736 ut
1598 703 1699 736 velut

148 758 266 802 ignari
292 757 379 801 quid
406 757 453 790 sit
478 759 677 800 peccatum,
704 765 859 798 peccare
885 753 943 786 vel
968 765 1041 787 non
1067 753 1208 796 possint
1225 752 1283 786 vel
1308 751 1481 785 nesciant.
1535 750 1601 784 Cui
1620 761 1698 783 sen-

149 805 284 839 tentiae
310 803 539 837 Publilianae
571 802 757 835 simillima
790 805 844 835 est
870 800 976 835 Prov.
1007 800 1083 834 143.
1114 799 1190 834 144.
1227 798 1301 833 Sed
1327 798 1509 842 discrepat
1536 797 1700 841 paullum

150 851 233 887 Sen.
260 864 312 895 ep.
340 850 444 885 XIV.
472 851 491 884 2
517 850 595 894 (91))
621 850 683 884 46:
711 848 798 892 quid
825 846 936 892 ergo?
969 848 1177 891 ignorantia
1203 858 1325 880 rerum
1351 845 1556 879 innocentis
1583 851 1698 879 erant.

149 900 303 933 multum
321 903 441 931 autem
466 897 620 930 interest
648 901 768 929 utrum
794 906 947 938 peccare
973 894 1100 937 aliquis
1128 894 1219 927 nolit
1247 905 1293 927 an
1317 893 1467 926 nesciat.
1512 891 1564 926 Cf.
1590 890 1698 925 Prov.

150 945 299 981 36-38.
325 944 503 979 Ribbeck.
531 943 663 978 Coroll.
690 954 724 986 p.
751 941 910 977 XCVII.

244 993 299 1027 36.
326 992 551 1026 Universa
579 990 826 1024 calamitas
853 990 874 1023 i.
895 1002 924 1024 e.
944 989 1143 1022 communis
1163 988 1335 1022 omnium.
1370 986 1426 1020 De
1445 986 1513 1020 hoc
1539 998 1571 1021 v.
1599 986 1701 1018 uni-

150 1051 312 1074 versus
346 1051 412 1072 usu
443 1038 516 1072 vid.
552 1038 626 1072 Cic.
652 1038 701 1071 in.
728 1036 802 1072 Pis.
831 1037 885 1071 27.
918 1036 976 1070 fac
1010 1036 1116 1069 huius
1151 1036 1225 1069 odii
1252 1035 1348 1068 tanti
1375 1045 1415 1067 ac
1441 1040 1516 1067 tam
1542 1033 1703 1066 universi

151 1087 364 1132 periculum.
396 1085 475 1119 Liv.
512 1086 565 1125 10,
594 1085 624 1118 ἴ).
661 1085 715 1124 22,
746 1087 798 1119 12.
836 1083 893 1118 De
920 1083 1099 1117 sententia
1133 1082 1176 1117 cf.
1204 1081 1328 1125 Quint.
1355 1080 1444 1115 XII.
1481 1082 1511 1122 T,
1543 1082 1570 1115 l.
1599 1084 1634 1114 et
1661 1079 1703 1112 li-

151 1135 307 1169 centiam
333 1134 438 1167 malis
466 1133 544 1166 dari
571 1137 670 1167 certe
697 1137 822 1165 contra
848 1131 963 1165 bonos
989 1134 1053 1164 est.

247 1182 302 1216 37.
330 1180 561 1215 Sententiam
588 1180 747 1223 explicat
774 1178 856 1212 Sen.
883 1178 928 1212 de
946 1177 1066 1211 benef.
1080 1176 1152 1211 III.
1175 1177 1226 1216 19,
1246 1177 1278 1210 4.
1297 1175 1380 1209 vide
1394 1187 1438 1208 ne
1459 1186 1499 1208 eo
1523 1174 1638 1207 maius
1658 1174 1703 1207 sit

154 1240 224 1272 quo
250 1229 369 1261 rarius
389 1232 441 1261 est
468 1227 674 1270 exemplum
693 1226 838 1259 virtutis
865 1226 902 1258 in
928 1225 1040 1259 servis
1068 1235 1181 1268 eoque
1209 1223 1358 1268 gratius.
1387 1222 1493 1266 quod.
1521 1233 1602 1254 cum
1628 1221 1704 1254 fere

153 1276 269 1309 invisa
295 1275 448 1319 imperia
474 1275 544 1307 sint
571 1279 606 1307 et
632 1273 749 1306 omnis
775 1273 972 1306 necessitas
998 1272 1131 1316 gravis.
1160 1282 1350 1305 commune
1377 1269 1561 1303 servitutis
1580 1268 1705 1301 odium

151 1324 189 1357 in
216 1322 336 1366 aliquo
363 1322 501 1355 domini
527 1321 657 1354 caritas
684 1320 780 1354 vicit.

249 1370 304 1404 30'.
323 1368 414 1411 „Ubi
438 1368 590 1402 iniurias
610 1368 745 1411 pateris
764 1367 895 1411 potius,
916 1378 1022 1410 quam
1039 1365 1234 1402 ulcisceris.
1254 1364 1425 1398 accidunt
1450 1363 1602 1397 iniuriae
1628 1366 1706 1395 tam

151 1417 288 1450 multae
325 1420 471 1458 tamque
509 1426 671 1459 magnae.
711 1419 750 1448 ut
787 1415 864 1458 pati
897 1425 968 1447 non
1003 1413 1130 1457 possis.
1167 1412 1220 1446 Cf.
1248 1411 1354 1446 Publ.
1389 1410 1422 1444 N
1451 1412 1494 1445 ‘lo
1526 1408 1703 1455 ‹1321›4).V

155 1464 197 1498 17
223 1463 335 1507 (1645).

251 1511 305 1545 39.
333 1509 521 1544 Lacrimas
555 1514 589 1542 et
622 1508 745 1542 fletum
781 1509 831 1542 ita
866 1510 975 1552 po'eta
1009 1507 1169 1551 opponit,
1208 1513 1247 1539 ut
1280 1506 1348 1539 hoc
1383 1506 1476 1539 inter
1511 1512 1704 1547 utrumque

155 1558 330 1592 interesse
359 1557 529 1590 statuisse
548 1556 723 1596 videatur,
751 1555 846 1599 quod
871 1555 1038 1589 lacrimas
1058 1554 1231 1588 tristitiae
1251 1553 1408 1597 speciem
1433 1564 1520 1596 prae
1547 1562 1583 1584 se
1601 1551 1706 1591 ferre,

157 1605 262 1639 fletus
289 1616 415 1638 verum
440 1604 575 1637 doloris
603 1615 747 1637 sensum
771 1603 933 1636 indicare
959 1602 1049 1635 vult.
1093 1600 1193 1644 Quae
1210 1600 1473 1634 vocabulorum
1498 1598 1706 1633 differentia

158 1653 249 1686 locis
277 1652 356 1685 aliis
383 1650 546 1695 probata.
575 1651 654 1684 aliis
681 1662 753 1684 non
780 1650 934 1694 probata
960 1654 1015 1683 est
1041 1648 1087 1683 cf.
1115 1648 1188 1683 Cic.
1207 1648 1286 1682 Att.
1313 1646 1381 1682 IX.
1409 1647 1440 1681 7.
1468 1658 1540 1679 non
1558 1657 1707 1689 possum

158 1711 245 1743 prae
278 1699 365 1732 fletu
397 1702 432 1732 et
465 1698 592 1731 dolore
627 1698 762 1731 diutius
797 1697 866 1731 hoc
899 1696 979 1731 loco
1017 1696 1246 1730 commorari.
1274 1694 1384 1739 Verg.
1410 1695 1503 1728 Aen.
1529 1692 1598 1726 IV.
1626 1692 1706 1727 369.

160 1746 268 1781 Publ.
295 1745 334 1779 H
363 1745 403 1780 19
431 1746 541 1789 (221).
581 1745 705 1779 Habet
732 1743 857 1778 Bothii
883 1744 1100 1783 coniectura,
1127 1755 1197 1786 quo
1225 1741 1509 1776 commendetur.

257 1793 314 1828 42.
341 1792 450 1826 Hunc
468 1803 612 1826 versum
631 1804 674 1826 ex
694 1792 859 1835 sequenti
875 1797 1087 1834 corruptum
1113 1801 1190 1823 esse
1216 1789 1307 1822 vidit
1325 1788 1571 1822 WVoelfflinus.
1599 1786 1710 1821 Cuius

161 1840 432 1884 depravationis
459 1840 611 1883 vestigia
639 1844 793 1879 secutus,
827 1850 1045 1882 quamquam
1076 1838 1114 1870 in
1138 1837 1207 1870 hoc
1232 1848 1338 1870 versu
1365 1836 1592 1870 conclamato
1618 1833 1710 1867 nihil

158 1888 268 1921 licere
294 1887 402 1921 video
427 1887 497 1920 nisi
521 1887 662 1920 incerta
689 1886 840 1929 assequi,
867 1890 991 1919 tamen
1009 1885 1152 1929 singula
1169 1884 1313 1927 utrique
1330 1883 1451 1916 versui
1469 1882 1577 1915 verba
1598 1892 1710 1915 conor

158 1935 324 1970 reddere.
376 1934 438 1968 Sic
465 1934 561 1968 enim
587 1934 754 1967 existimo
781 1934 819 1966 in
843 1933 1030 1975 utriusque
1055 1943 1178 1965 versus
1212 1931 1325 1964 initiis
1351 1934 1492 1964 tantam
1517 1929 1710 1964 verborum

160 1982 434 2017 similitudinem
461 1980 582 2021 fuisse,
610 1987 650 2014 ut
675 1980 817 2014 librarii
843 1980 888 2013 ab
908 1979 1023 2013 altero
1050 1980 1096 2012 ad
1114 1979 1271 2012 alterum
1288 1978 1498 2011 aberrantes
1516 1981 1710 2019 utrumque

159 2033 425 2063 commutarent
450 2029 726 2072 miscerentque.
778 2026 857 2071 Quo
876 2026 1015 2060 factum
1034 2030 1096 2066 est,
1124 2030 1163 2059 ut
1190 2026 1349 2069 primum
1366 2025 1479 2058 verba
1505 2035 1589 2067 pru
1601 2023 1708 2057 den-

158 2076 223 2110 tia
249 2077 354 2118 plus
381 2080 532 2119 propter
558 2075 762 2115 verborum,
789 2085 881 2117 quae
906 2074 943 2107 in
969 2073 1153 2116 sequentis
1179 2084 1304 2106 versus
1331 2071 1420 2105 loeis
1448 2074 1578 2111 essent,
1612 2071 1708 2103 simi-

160 2123 353 2158 litudinem
378 2123 640 2156 interciderent
666 2127 773 2165 atque
798 2121 885 2155 haec
912 2120 988 2154 sola
1014 2121 1323 2163 relinquerentur:
1356 2123 1463 2162 pote
1489 2117 1638 2151 stulta
1663 2117 1710 2150 in

161 2170 374 2204 adversis
410 2169 638 2204 felicitas,
690 2168 783 2202 Tum
814 2179 900 2202 vero
937 2179 1018 2201 cum
1048 2179 1114 2201 nec
1147 2167 1328 2201 sententia
1359 2177 1425 2199 nec
1459 2165 1601 2198 numeri
1627 2175 1712 2207 sup-

162 2221 339 2261 peterent,
366 2219 405 2250 ut
432 2216 569 2259 aliquid
595 2215 708 2256 fieret,
736 2215 832 2259 quod
858 2215 1087 2259 probaretur,
1114 2215 1210 2247 inter
1226 2213 1339 2247 verba
1363 2213 1409 2246 in
1435 2211 1648 2246 adversis
1675 2215 1711 2245 et

161 2264 380 2298 felicitas
414 2264 590 2297 insertum
623 2263 767 2296 videtur
804 2273 1009 2306 unquam.
1068 2262 1148 2305 Quo
1183 2260 1282 2294 facto
1314 2260 1372 2294 hic
1399 2271 1524 2294 versus
1559 2258 1709 2298 exstitit,

163 2322 271 2355 quem
296 2311 372 2345 fere
397 2310 481 2344 inF
499 2311 676 2354 scriptum
693 2310 874 2356 videmus:
901 2315 1010 2353 pote
1037 2309 1181 2342 stulti
1206 2308 1250 2341 in
1275 2308 1489 2341 adversis
1516 2317 1712 2349 unquam

161 2358 393 2393 felicitas.
444 2357 560 2401 Quem
594 2369 638 2391 ne
672 2357 722 2391 sic
749 2356 894 2400 quidem
921 2360 982 2390 aut
1007 2357 1186 2389 sententia
1211 2358 1273 2389 aut
1297 2355 1456 2388 numeris
1483 2352 1712 2397 probandum

167 2416 244 2439 esse
270 2416 343 2438 non
369 2408 424 2439 est
449 2405 543 2448 quod
570 2416 747 2438 moneam.
774 2403 829 2439 Cf.
856 2403 994 2438 Nauck.
1021 2402 1106 2437 Mel.
1135 2401 1379 2437 Greco-Rom.
1406 2402 1444 2435 in
1460 2401 1544 2435 Act.
1562 2400 1710 2443 Petrop.

168 2451 268 2486 1869.
296 2456 383 2487 tom.
417 2451 490 2487 ΠΙ.
518 2464 552 2496 p.
579 2452 656 2486 200.
708 2450 814 2494 Quod
839 2462 926 2484 vero
959 2450 1037 2494 ipse
1070 2451 1226 2494 reposui,
1260 2450 1335 2483 eius
1370 2449 1464 2483 hanc
1495 2447 1713 2481 sententiam

164 2510 241 2533 esse
268 2499 348 2532 volo
384 2499 423 2532 in
455 2499 563 2533 rebus
599 2499 760 2532 adversis
794 2498 945 2531 stultum
977 2497 1154 2531 felicitate
1186 2497 1267 2540 plus
1294 2508 1399 2540 posse
1427 2507 1535 2539 quam
1560 2494 1712 2528 consilio

164 2546 390 2590 prudentem.
439 2545 681 2580 Proverbium
707 2545 982 2579 Germanicum:
1013 2543 1104 2586 „Ein
1130 2543 1323 2588 Tropflein
1341 2543 1478 2578 Gliicks
1505 2541 1574 2586 gilt
1598 2540 1712 2580 mehr,

163 2594 260 2627 denn
294 2593 353 2627 ein
377 2592 466 2627 Fass
492 2593 567 2626 voll
592 2592 796 2626 Weisheit³
833 2603 890 2636 ap.
917 2591 1090 2627 wander.
1117 2591 1290 2626 Deutsch.
1318 2587 1712 2634 Sprichworter-Lex.

165 2639 195 2675 I.
221 2651 256 2684 p.
285 2640 385 2674 1743.
413 2639 520 2675 Publ.
546 2640 575 2674 F
601 2640 645 2674 27
671 2640 786 2683 (192).

259 2688 313 2721 43.
349 2686 561 2729 „Maluimus
594 2686 843 2726 Prudenti,
880 2686 963 2729 quia
996 2697 1070 2719 non
1100 2685 1291 2729 prudentis
1325 2688 1466 2718 tantum
1498 2682 1620 2716 vultus
1646 2693 1714 2725 pro

165 2745 333 2768 sermone
359 2738 423 2774 est,
450 2734 510 2767 sed
539 2734 614 2768 fere
641 2734 803 2767 omnium
829 2733 1029 2774 hominum,
1064 2733 1093 2766 si
1119 2733 1257 2776 peritus
1292 2731 1502 2765 accesserif‘
1547 2729 1716 2763 Bothius.
