1967 3090
897 179 952 182 κ
1023 154 1101 196 130
1165 178 1219 181 --

276 274 330 308 79.
366 284 409 305 ne.
442 271 535 305 niori
569 272 761 314 properet3
801 269 1053 310 resistendum,
1093 269 1206 303 tantis
1241 269 1277 302 in
1313 269 1418 303 malis
1453 269 1548 304 vinci
1581 267 1718 302 malum
1744 279 1833 303 esse.

276 320 327 356 Cf.
354 319 459 353 Publ.
486 319 521 351 A
548 319 603 353 26.
632 318 662 351 Ο
688 320 708 351 3
735 317 847 359 (4381.

370 367 425 401 237.
454 365 538 400 Seu.
566 376 620 409 ep.
648 364 715 398 XI.
744 366 764 399 ⁴2
792 365 873 409 (Μ)
903 365 963 398 1⁸:
1015 363 1108 397 Nam
1142 363 1178 397 in
1214 363 1282 398 hoc
1316 375 1458 407 quoque
1484 363 1663 397 falluntur
1687 363 1835 407 ingrati,

276 414 373 459 quod
398 413 571 447 creditori
605 412 751 455 quidem
781 416 928 456 praeter
954 415 1090 444 sortem
1125 414 1229 444 extra
1262 411 1427 445 ordinem
1461 413 1665 450 numerant,
1700 410 1835 444 benefi-

276 463 415 497 ciorum
444 464 565 494 autem
591 471 695 493 usum
726 470 805 493 esse
837 459 1036 503 gratuitum
1065 462 1195 502 putant
1222 486 1228 493 .
1256 485 1263 492 .
1292 487 1299 493 .
1326 457 1499 503 Ingratus
1535 461 1601 500 est,
1636 458 1695 501 qui
1727 457 1836 491 bene-

277 509 399 543 ficium
424 507 547 541 reddit.
582 507 658 540 sine
692 518 810 542 usura.
860 505 969 542 Mart.
998 517 1053 550 ep.
1081 517 1227 550 suppos.
1254 505 1322 541 XI.
1349 506 1381 540 4.
1415 505 1572 539 dedecus
1605 508 1662 539 est
1695 516 1839 549 semper

278 567 419 592 sumere
446 555 569 598 nilque
596 554 695 589 dare.

371 605 426 638 35.
454 601 587 643 „Iuvat
611 601 785 647 gaudium
814 601 1007 645 deponere,
1035 612 1104 644 quo
1131 600 1299 645 deposito
1326 600 1433 634 dolor
1450 600 1629 635 desinat-‘⁴
1680 599 1735 634 Cf.
1755 598 1837 634 Sen.

277 652 323 686 ad
356 650 469 685 Mare.
505 649 549 683 de
584 649 720 683 consol.
748 648 815 683 VI.
844 649 874 682 2.
911 648 1055 681 desinat
1088 648 1195 682 dolor
1228 649 1289 692 qui
1322 648 1427 692 perit.
1464 659 1519 692 ep.
1550 647 1596 683 X.
1622 648 1643 682 2
1668 647 1747 692 (78)
1774 647 1838 682 13:

278 699 367 733 levis
383 701 438 732 est
456 697 570 736 dolor,
599 697 628 729 si
646 695 738 729 nihil
764 696 818 729 illi
837 696 961 739 opinio
981 695 1172 730 adiecerit:
1200 699 1338 736 contra⁷
1367 696 1395 729 si
1415 695 1601 729 exhortari
1619 697 1656 729 te
1675 694 1839 738 coeperis

277 758 318 780 ac
344 746 483 779 dicere:
512 744 603 777 nihil
630 748 681 777 est
711 748 773 777 aut
799 748 899 777 certe
925 743 1097 785 exiguum
1124 746 1190 778 est.
1218 743 1407 777 duremus:
1435 743 1507 776 iam
1534 743 1693 777 desinet:
1720 742 1841 776 levem

277 794 391 833 illum,
420 792 507 826 dum
532 795 650 835 putas,
678 791 803 826 facies

373 842 428 875 39.
456 839 664 873 Pronomen
702 839 741 872 is
779 849 1013 871 numerorum
1046 848 1155 871 causa
1193 837 1374 871 adscitum
1412 849 1499 872 esse.
1538 838 1584 871 ad
1621 836 1842 870 sententiam

277 888 370 922 nihil
383 887 506 921 valere
523 889 686 930 apparet.
722 885 843 929 Quare
862 884 1007 918 sublato
1026 895 1068 918 eo
1086 896 1152 928 pro
1171 897 1194 929 p
1206 885 1303 918 otui
1322 886 1469 929 scripsi:
1489 888 1629 929 potue
1641 885 1712 919 rit.
1747 883 1842 917 Sane

279 937 331 970 sic
356 938 526 978 tempora
552 944 589 967 se
622 933 790 977 excipere
825 932 1038 972 debuerunt,
1072 936 1112 965 ut
1146 933 1446 976 praemitteretur
1479 934 1642 967 futurum
1676 934 1843 965 exactum

278 982 477 1023 vixerit,
501 984 712 1025 sequeretur
735 980 830 1014 idem
853 980 1083 1023 potuerit:
1115 980 1178 1014 sed
1200 980 1403 1023 perfectum
1425 981 1547 1014 vixit
1567 980 1712 1023 gravius
1731 979 1842 1012 etiam

279 1030 448 1070 affirmat,
468 1040 575 1072 quam
594 1029 623 1061 si
640 1028 762 1061 futura
782 1030 912 1061 exacta
929 1027 1049 1071 posita
1066 1031 1189 1061 essent
1202 1028 1344 1067 vixerit,
1376 1029 1548 1071 potuerit,
1577 1027 1606 1060 si
1625 1026 1771 1070 quidem
1796 1035 1842 1058 ne

281 1077 394 1113 futuri
421 1076 568 1120 quidem
595 1075 814 1119 significatio
842 1075 955 1109 adest.
984 1074 1047 1108 sed
1073 1086 1145 1108 una
1170 1075 1221 1109 rei
1249 1076 1481 1118 praeteritae.
1532 1075 1605 1109 Cic.
1633 1074 1740 1108 Verr.
1768 1072 1841 1106 III.

283 1126 326 1161 62
360 1124 444 1159 145:
480 1123 550 1156 nisi
576 1123 628 1156 ita
654 1122 847 1156 manifesta
881 1133 938 1156 res
966 1122 1059 1155 erit
1085 1123 1244 1162 allata,
1281 1126 1321 1155 ut
1347 1123 1561 1166 responderi
1588 1122 1680 1155 nihil
1711 1120 1839 1165 possit,

279 1173 484 1207 vicimus.
536 1170 614 1205 Liv.
643 1171 699 1211 21,
726 1170 787 1204 43:
824 1170 853 1202 si
879 1169 972 1203 tales
1013 1169 1151 1204 animos
1179 1170 1216 1203 in
1242 1170 1382 1213 proelio
1409 1170 1603 1211 habebitis,
1632 1169 1757 1213 quales
1783 1167 1844 1201 hic

281 1219 487 1258 ostenditis,
515 1218 679 1252 vicimus.
732 1216 788 1251 Cf.
807 1217 900 1261 Aug.
923 1215 1114 1251 Matthiae.
1134 1216 1223 1250 Exc.
1244 1217 1288 1250 de
1314 1228 1380 1250 usu
1398 1217 1462 1252 fut.
1482 1220 1598 1251 exact.
1625 1217 1844 1250 Latinorum

280 1269 318 1302 in
352 1267 407 1302 ed.
442 1266 516 1300 Cic.
551 1270 641 1299 orat.
676 1263 764 1298 VH.
800 1263 918 1307 (Lips.
957 1264 1063 1301 1826)
1093 1276 1127 1307 p.
1156 1264 1234 1298 241.
1287 1263 1422 1298 Verbis
1456 1276 1564 1308 posse
1599 1264 1739 1307 (licere)
1770 1274 1844 1296 non

280 1326 397 1360 posse,
424 1313 529 1349 velle,
567 1312 665 1346 nolle
692 1311 788 1345 inter
822 1322 859 1344 se
892 1311 1105 1354 compositis
1139 1311 1229 1344 nihil
1264 1311 1361 1355 apud
1385 1311 1586 1345 Publilium
1617 1310 1844 1354 frequentius

283 1365 338 1397 est
364 1361 409 1396 cf.
436 1360 543 1394 Publ.
571 1359 599 1393 C
625 1359 670 1393 46
696 1359 808 1403 (106).
835 1357 874 1392 M
901 1358 945 1393 39
971 1358 1082 1402 (341).
1110 1357 1157 1392 N.
1183 1359 1226 1393 21
1253 1359 1364 1402 (397).
1397 1358 1427 1393 P
1446 1360 1466 1393 2
1493 1359 1608 1402 (4511.
1634 1358 1664 1392 P
1691 1359 1712 1393 4
1730 1357 1844 1401 (453).
1883 1376 1886 1377 ⁷

282 1410 316 1454 Q
342 1410 385 1443 16
411 1408 524 1453 (516).
554 1406 587 1451 Q
612 1407 655 1441 27
682 1406 795 1449 (5⁴27).
823 1405 857 1449 Q
883 1406 926 1440 29
953 1406 1065 1450 (5⁵29).
1094 1405 1127 1450 Q
1152 1406 1197 1440 34
1222 1406 1333 1450 (534).
1363 1405 1396 1450 Q
1424 1407 1477 1442 16.
1507 1406 1531 1440 S
1561 1407 1577 1440 l
1606 1406 1720 1450 (584).
1747 1404 1772 1439 S
1800 1404 1844 1439 33

282 1457 396 1503 (616).
448 1454 546 1488 Vide
579 1454 704 1498 Quint.
731 1453 797 1488 IV.
831 1454 863 1494 4,
899 1453 955 1488 37.
983 1452 1030 1488 V.
1059 1453 1088 1493 T,
1126 1454 1178 1488 17.
1230 1452 1421 1487 Sententia
1455 1455 1563 1488 docet¹
1595 1465 1677 1487 eum
1711 1453 1846 1486 bonum

282 1505 379 1539 vitae
418 1502 527 1536 finem
565 1502 709 1542 habere⁷
751 1501 809 1534 cui
844 1512 896 1541 eo,
935 1512 1006 1544 quo
1041 1501 1208 1542 voluerit,
1247 1504 1413 1545 tempore
1451 1502 1544 1535 mori
1583 1501 1738 1535 licuerit.
1790 1498 1845 1534 Cf.

282 1551 389 1595 Publ.
417 1551 449 1593 Q
475 1550 492 1583 4
524 1550 641 1594 (503).
670 1547 694 1582 S
722 1549 765 1583 33
795 1548 907 1591 (616).

380 1598 436 1633 40.
466 1597 536 1631 Vel
562 1596 683 1630 manci
709 1607 833 1630 versus
861 1595 1079 1629 sententiam
1106 1595 1317 1630 coniectura
1343 1596 1485 1639 assequi
1510 1596 1606 1637 licet,
1634 1594 1847 1639 praesertim

286 1658 367 1682 eum
394 1649 432 1679 et
458 1644 588 1678 Similis
616 1643 822 1683 issenandri,
848 1646 1003 1677 monost.
1031 1643 1122 1684 ΒΗ»,
1150 1641 1265 1677 καλῶς
1291 1644 1432 1676 ἀκούειν
1457 1642 1597 1686 μᾶλλον
1630 1642 1649 1685 ἢ
1677 1641 1847 1675 πλουτεῖν

288 1693 371 1727 θέλε
399 1696 436 1727 et
471 1691 576 1725 huius
603 1690 756 1724 Publilii
790 1690 913 1734 plures
948 1693 1091 1724 exstent
1125 1690 1169 1725 cf.
1196 1689 1302 1724 Publ.
1337 1690 1367 1724 B
1398 1692 1439 1726 19
1465 1692 1552 1735 (62¹).
1588 1690 1625 1724 Η
1662 1691 1705 1725 15
1733 1689 1846 1733 (217).

287 1741 318 1775 P
343 1740 388 1775 49
415 1739 527 1784 (498).
578 1738 649 1782 Qui
674 1741 799 1772 tamen
824 1749 948 1771 versus
976 1738 1027 1771 sic
1053 1738 1245 1781 compositi
1280 1738 1369 1771 mihi
1403 1738 1583 1779 videntiu*⁷
1621 1738 1650 1771 si
1683 1737 1848 1771 iudicare

289 1789 377 1822 licet
403 1788 448 1821 de
475 1786 636 1820 versibus
664 1797 738 1819 non
763 1786 863 1819 omni
889 1784 1117 1818 dubitatione
1144 1786 1277 1826 vacuis,
1304 1789 1345 1818 ut
1363 1797 1487 1819 eorum
1507 1785 1709 1819 sententiae
1728 1784 1850 1827 aliqua

289 1837 387 1870 inter
413 1846 450 1868 se
477 1833 656 1867 differant.
708 1831 952 1876 Quamobrem
979 1831 1175 1877 Spengelio
1203 1832 1299 1866 hunc
1326 1832 1582 1876 interpolatori
1608 1832 1734 1866 deberi
1761 1831 1848 1864 scri-

287 1883 391 1917 benti
417 1881 480 1921 (cf.
507 1880 621 1925 praef.
649 1892 682 1924 p.
717 1882 775 1923 12)
800 1891 874 1913 non
892 1880 1082 1914 assentior.
1132 1879 1241 1913 Hunc
1260 1880 1357 1913 enim
1373 1892 1518 1914 versum
1537 1880 1587 1913 sic
1606 1879 1850 1923 compositum

288 1942 367 1965 esse
386 1929 555 1963 arbitror.
574 1932 614 1961 ut
633 1928 835 1961 sententiae
853 1938 1003 1961 acumen
1021 1927 1058 1960 in
1076 1939 1108 1962 v.
1127 1939 1150 1971 p
1162 1928 1466 1961 atrimonium
1481 1928 1538 1963 sit.
1571 1927 1697 1970 Neque
1714 1926 1851 1959 iustum

291 1982 346 2013 est
371 1978 506 2010 bonam
531 1975 674 2015 famam,
703 1987 773 2018 qua
799 1975 942 2008 fruatur
966 1974 1073 2013 filius,
1101 1975 1362 2018 patrimonium
1379 1975 1510 2015 dicere,
1537 1975 1608 2008 nisi
1625 1974 1689 2008 illa
1707 1985 1727 2006 a
1744 1976 1851 2017 patre

289 2028 441 2069 accepta
466 2023 610 2063 dicitur,
639 2034 721 2056 cum
746 2022 841 2056 filius
869 2034 970 2055 suam
997 2021 1066 2055 sibi
1092 2022 1170 2065 ipse
1196 2022 1330 2056 bonam
1361 2022 1497 2056 famam
1516 2022 1702 2066 peperisse
1725 2021 1849 2065 possit.

289 2072 421 2116 Itaque
447 2071 547 2115 prius
574 2070 731 2113 quidem,
767 2070 886 2113 inquit
911 2071 1029 2113 poeta.
1063 2070 1324 2113 patrimonium
1359 2074 1442 2103 sunt
1476 2070 1573 2113 bona
1597 2072 1761 2113 paterna⁷
1799 2067 1849 2101 al-

290 2124 407 2155 terum
434 2130 519 2152 vero
549 2120 642 2151 bona
668 2117 783 2161 patris
810 2117 1042 2157 existimatio,
1076 2128 1184 2160 quam
1210 2117 1339 2151 eadem
1365 2118 1465 2160 quasi
1491 2117 1696 2151 hereditate
1723 2126 1850 2159 accep-

290 2172 369 2201 tam
395 2166 490 2200 filius
518 2178 537 2198 a
563 2168 670 2209 patre
696 2165 742 2199 ad
768 2176 869 2198 suam
895 2164 1204 2198 existimationem
1233 2164 1439 2198 redundare
1466 2165 1610 2207 suisque
1635 2163 1742 2197 rebus
1768 2174 1851 2206 pro-

292 2215 398 2249 desse
424 2213 568 2247 sentiat.
604 2212 724 2246 Bene
751 2211 909 2245 audire
936 2211 1144 2252 significare
1168 2212 1275 2252 bona,
1302 2212 1420 2245 male
1448 2223 1499 2245 au
1510 2212 1606 2245 dire
1631 2210 1727 2244 mala
1753 2209 1852 2243 fama

292 2263 347 2296 uti
359 2264 486 2295 notum
502 2264 556 2295 est
582 2260 626 2294 cf.
656 2260 730 2294 Cic.
757 2259 803 2293 ad
829 2260 907 2292 Att.
936 2258 1005 2294 VI.
1036 2260 1064 2298 1.
1093 2259 1123 2293 2.
1154 2258 1258 2293 Verr.
1286 2258 1338 2294 H.
1369 2261 1396 2293 1.
1424 2259 1482 2295 46.
1516 2258 1572 2292 De
1591 2269 1712 2302 praep.
1739 2268 1791 2290 ex
1816 2257 1852 2290 vi

295 2321 336 2344 ac
361 2312 545 2353 potestate
575 2307 776 2351 disputavit
808 2306 978 2340 Handius
1012 2306 1059 2340 ad
1094 2305 1248 2339 Tursell.
1284 2306 1355 2341 vol.
1382 2306 1434 2342 Π.
1462 2318 1496 2350 p.
1525 2307 1602 2341 635.
1636 2305 1852 2339 Ablativum

294 2357 498 2400 simplicem
517 2366 663 2389 causam
689 2354 861 2394 indicare,
890 2365 981 2397 quae
1007 2353 1147 2397 aliquid
1171 2353 1343 2394 efficeret,
1371 2355 1594 2397 proximam3
1622 2364 1672 2386 ex
1698 2363 1851 2396 praepo-

294 2404 464 2438 sitionem
490 2403 607 2446 ipsum
633 2402 813 2446 originem
837 2401 889 2435 ita
915 2404 1000 2434 ante
1026 2401 1150 2435 oculos
1177 2412 1323 2444 ponere.
1351 2405 1391 2434 ut
1409 2401 1563 2435 alteram
1580 2411 1658 2434 rem
1676 2410 1719 2433 ex
1737 2399 1853 2432 altera

294 2450 441 2495 prodire
459 2450 675 2484 videremus
726 2449 825 2483 Hinc
842 2449 931 2482 haec
950 2459 1074 2482 versus
1094 2449 1273 2482 sententia
1292 2448 1467 2482 efficitur:
1496 2448 1599 2481 Bona
1620 2447 1736 2491 patris
1756 2446 1854 2480 fama

296 2502 397 2532 recte
423 2509 444 2531 a
468 2497 544 2530 filio
571 2508 637 2540 pro
664 2497 778 2530 altero
806 2496 1029 2539 patrimonio
1055 2495 1243 2538 accipitur.

391 2545 446 2579 41.
475 2544 688 2587 Scripturae
703 2543 987 2587 discrepantiam
1002 2543 1031 2576 si
1045 2543 1295 2586 perpenderis,
1312 2555 1335 2576 n
1347 2543 1465 2576 emin
1476 2554 1494 2576 e
1505 2554 1540 2575 m
1555 2545 1663 2582 recte,
1679 2541 1853 2574 nullum

296 2596 442 2636 praeter
474 2592 588 2625 latine
630 2591 774 2624 dicendi
806 2602 972 2625 normam
1006 2590 1165 2633 positum
1200 2601 1277 2624 esse
1310 2589 1499 2624 iudicabis,
1550 2589 1602 2623 Ut
1633 2588 1730 2622 enim
1764 2587 1855 2621 certi

297 2640 443 2683 quidem
461 2639 632 2672 adiectivi
652 2638 806 2671 nullus
826 2649 929 2671 casus
947 2637 1093 2677 1111111118,
1115 2636 1215 2678 nulli,
1236 2637 1334 2670 nullo
1355 2636 1575 2670 substantivi
1593 2637 1709 2669 instar
1728 2634 1855 2677 scripti

298 2687 533 2721 inveniuntur
557 2686 618 2730 (cf.
646 2685 776 2719 Haasii
803 2685 924 2720 adnot.
955 2686 1033 2720 3361.
1060 2684 1105 2718 ad
1131 2683 1288 2728 Reisigii
1314 2684 1457 2718 Vorles.
1484 2684 1574 2717 iiber
1606 2683 1670 2716 lat.
1697 2681 1854 2726 Sprach-

298 2732 646 2768 wissensch.Krebs.
662 2733 790 2767 Antib.
806 2744 837 2766 v.
853 2735 976 2776 nemo)
990 2732 1042 2765 ita
1055 2742 1171 2774 neque
1185 2732 1448 2765 nominativum
1462 2730 1587 2764 nullu
1598 2742 1612 2764 s
1627 2740 1742 2773 neque
1752 2740 1855 2762 accu-

303 2781 457 2815 sativum
476 2792 500 2814 n
513 2780 653 2813 ullum
671 2791 737 2824 pro
757 2791 807 2813 ne
821 2791 887 2813 mo
904 2779 963 2813 vel
981 2779 1095 2813 nemi
1108 2790 1205 2812 nem
1232 2779 1328 2823 apud
1346 2779 1459 2812 bonos
1478 2777 1673 2811 latinitatis
1692 2779 1857 2810 auctores
