1967 3090
903 160 956 165 —
1022 135 1075 177 :3⁴2
1138 159 1195 163 -·-

370 252 529 294 Invidia
561 251 755 305 loquitur,
789 252 894 305 qu6d
925 251 1048 300 videt,
1083 264 1161 293 non
1194 250 1301 304 qu6d
1333 250 1485 291 subest.
1728 249 1829 292 263.

375 351 414 386 JI

271 425 340 463 3335.
374 422 573 463 Iniuriam
605 434 722 462 aures
754 420 932 470 facilius,
966 434 1087 474 quam
1119 420 1226 462 oculi
1259 419 1408 461 ferunt.
1733 418 1832 462 265.

373 487 483 527 lacet
518 486 649 527 6n1nis
681 486 827 535 virtus,
861 485 971 526 fz'ima
1003 486 1083 527 nisi
1115 485 1199 526 late
1231 485 1360 538 patet.

374 550 487 604 Ignis
521 550 697 592 calorem
730 550 850 591 suum
883 550 1011 591 etiam
1042 550 1084 590 in
1117 549 1224 591 ferro
1257 550 1384 590 tenet.

374 616 420 656 In
452 615 612 656 Venere
644 627 805 668 semper
838 615 997 656 certant
1029 613 1142 656 dolor
1174 614 1216 655 et
1247 612 1458 667 gaudium.

380 681 427 720 In
459 681 596 721 amore
630 679 762 721 forma
792 679 885 732 plus
916 678 1032 720 valet
1063 691 1185 732 quam
1217 678 1454 719 auctorit-as.

275 746 345 788 40.
379 745 549 798 Ingrata
581 745 675 785 sunt
706 743 922 793 beneficia,
956 743 1046 796 quis
1079 756 1215 784 comes
1248 743 1310 784 est
1341 743 1489 783 metus.
1732 741 1835 785 270.

380 808 620 862 Imprudens
653 809 808 861 peccat,
843 808 965 861 quem
995 808 1155 861 peccati
1185 807 1383 861 poenitet.

382 874 536 914 Inertia
567 873 815 926 indepffltur,
849 885 942 913 cum
973 871 1131 925 fugitur
1161 871 1288 913 labor.

383 933 520 973 Iratus
554 945 647 973 cum
679 931 728 972 ad
761 944 803 972 se
835 931 971 983 rediit,
1006 931 1084 972 sibi
1116 932 1206 971 tuni
1238 927 1470 971 irascitur?i<

379 998 424 1037 ln
458 998 594 1038 amore
628 1008 786 1050 semper
817 996 939 1037 caiisa
972 995 1111 1036 damni
1144 995 1368 1048 quaeritur.

281 1064 351 1106 45.
386 1062 565 1103 Iucunda
595 1060 759 1102 macula
791 1062 856 1102 est,
888 1061 934 1101 ex
966 1060 1127 1101 inimici
1158 1059 1371 1113 sanguine.
1737 1059 1835 1102 275.

381 1127 427 1167 In
460 1127 620 1167 Venere
653 1138 814 1179 semper
847 1125 977 1166 dulcis
1010 1126 1072 1166 est
1104 1124 1323 1165 dementia.

382 1192 430 1232 In
460 1191 610 1232 misero
645 1189 768 1231 facile
801 1189 852 1230 fit
882 1191 1027 1242 potens
1061 1188 1224 1229 iniuria.

380 1255 594 1296 Interdum
625 1255 750 1295 habet
782 1253 988 1294 stultitiae
1019 1254 1181 1306 partem
1213 1251 1405 1293 facilitas.

382 1320 539 1361 Inertia
571 1320 634 1360 est
665 1318 817 1359 laboris
850 1318 1070 1359 exous-(itio.

279 1387 346 1429 50.
380 1385 580 1426 Iniuriam
613 1383 778 1424 facilius
810 1382 938 1424 facias
972 1383 1094 1436 quiin]
1126 1381 1247 1423 feras.
1741 1382 1840 1425 280.

281 1550 391 1592 etiam
419 1549 558 1582 facinus
576 1547 619 1588 L,
648 1546 789 1580 facinus
817 1546 927 1580 etiam
953 1545 1013 1579 Ri.
1042 1567 1084 1570 ——
1113 1546 1167 1579 34.
1196 1544 1255 1579 Sic
1282 1557 1427 1579 versum
1454 1548 1553 1579 recte
1580 1544 1727 1578 exhibet
1751 1556 1842 1578 unus

280 1596 319 1630 H
345 1596 407 1641 (scs.
427 1595 564 1639 Meyer.
584 1607 618 1638 p.
648 1595 702 1629 17.
724 1594 775 1628 18.
807 1594 868 1638 60)
889 1605 933 1627 ex
951 1593 1206 1627 emendatione
1233 1592 1380 1635 scripsit
1398 1591 1584 1625 Nauckius
1603 1591 1688 1626 Mel.
1709 1590 1843 1625 Greco-

280 1644 387 1678 Rom.
415 1643 500 1676 Act.
527 1642 677 1685 Petrop.
707 1641 808 1676 1669.
835 1643 922 1674 tom.
949 1639 1022 1675 ΙΙΙ.
1050 1651 1085 1684 p,
1114 1641 1192 1674 195.
1219 1640 1241 1674 i.
1268 1639 1307 1673 id
1332 1639 1494 1682 loquitur
1527 1650 1602 1672 non
1634 1639 1732 1682 quod
1756 1639 1844 1684 (quo

281 1693 324 1736 ρ’)
352 1690 477 1724 subest
494 1688 629 1731 PRBfi,
656 1689 678 1723 i.
705 1688 743 1721 id
769 1687 867 1731 quod
892 1688 993 1721 videt
1018 1687 1188 1730 loquimr.
1216 1698 1289 1720 non
1315 1686 1413 1729 quod
1440 1686 1563 1719 subest-
1586 1685 1615 1719 F
1634 1685 1680 1720 cf.
1706 1684 1843 1729 Meyer.
1900 1719 1903 1722 ,

282 1751 316 1782 p.
337 1738 368 1772 0.
395 1738 557 1781 loquitur
582 1747 656 1769 non
682 1735 779 1778 quod
805 1738 871 1775 est,
899 1734 962 1768 sed
988 1734 1085 1777 quod
1112 1734 1234 1767 subest
1255 1733 1322 1767 Go.
1343 1734 1364 1768 i.
1392 1733 1415 1768 l.
1442 1732 1480 1766 id
1506 1733 1604 1776 quod
1631 1732 1745 1772 obest,
1772 1744 1846 1766 non

283 1785 381 1829 quod
415 1784 539 1817 subest
566 1782 630 1818 Gr.
658 1782 718 1817 Or.
745 1782 768 1817 i.
795 1782 818 1817 l.
845 1781 883 1815 id
917 1782 1013 1824 quod
1048 1781 1160 1821 abest,
1193 1792 1267 1814 non
1301 1780 1395 1823 quod
1432 1780 1556 1813 subest
1580 1779 1646 1813 Bo.
1682 1779 1844 1822 loquitur

284 1832 380 1875 quod
408 1832 541 1865 subest.
569 1842 642 1863 non
669 1829 766 1873 quod
791 1829 893 1862 videt
910 1827 994 1862 Wo.
1012 1829 1034 1863 i.
1055 1828 1221 1871 coquitur
1246 1827 1342 1870 quod
1367 1827 1478 1863 videt,
1506 1838 1580 1860 non
1606 1826 1702 1870 quod
1720 1826 1844 1860 subest

285 1879 343 1914 Ri.
362 1879 386 1913 i.
404 1879 441 1912 id
458 1878 621 1921 loquitur
646 1876 743 1920 quod
768 1876 871 1909 videt
887 1887 960 1910 non
978 1876 1076 1919 quod
1094 1875 1218 1908 subest
1237 1874 1320 1918 Spe.
1339 1874 1456 1907 Abest
1484 1885 1609 1907 versus
1635 1873 1680 1906 ab
1699 1873 1845 1907 Erasmi

284 1926 456 1960 editione.
486 1946 528 1949 —
555 1926 610 1959 313.
638 1924 854 1957 iniuriarum
871 1922 910 1956 H
929 1923 973 1956 cf.
991 1922 1127 1966 Meyer.
1146 1934 1180 1965 p.
1202 1923 1256 1956 17.
1285 1922 1336 1956 19.
1365 1921 1420 1956 60.
1447 1932 1556 1964 quam
1583 1921 1678 1954 oculi
1704 1919 1846 1954 facilius

285 1973 327 2007 L.
356 1973 380 2008 f.
408 1984 441 2016 q.
469 1972 565 2005 oculi
590 1971 635 2006 A.
662 1971 844 2004 Luchsius
872 1969 916 2005 cf.
944 1969 1121 2004 Ribbeck.
1150 1968 1284 2003 Coroll.
1312 1967 1394 2002 CH.
1429 1968 1610 2011 probante
1635 1967 1785 2009 Meyero
1811 1978 1845 2010 p.

287 2021 344 2054 27.
371 2042 414 2045 —
443 2020 498 2054 36.
525 2022 629 2062 patet
655 2018 693 2051 H
720 2018 765 2052 cf.
792 2017 927 2060 Meyer.
954 2029 989 2060 p.
1017 2018 1074 2051 60,
1099 2020 1223 2060 pateat
1243 2015 1283 2050 F.
1311 2035 1355 2039 —
1383 2015 1438 2049 37.
1466 2015 1576 2049 etiam
1595 2026 1621 2050 s,
1650 2026 1678 2048 c.
1702 2013 1742 2054 F,
1770 2026 1796 2049 s.
1817 2025 1847 2048 e.

289 2068 400 2101 etiam
425 2066 465 2100 H
498 2066 559 2104 (cf.
596 2064 733 2108 Meyer.
766 2077 800 2108 p.
836 2065 891 2098 20.
928 2065 988 2107 60)
1022 2064 1105 2098 Wo.
1141 2076 1169 2098 c.
1203 2075 1228 2096 s.
1265 2062 1378 2096 etiam
1410 2061 1469 2096 Ri.
1502 2062 1611 2106 idque
1643 2062 1776 2105 recepi.
1804 2081 1847 2085 —-

294 2114 350 2149 38
384 2113 529 2147 Venere
556 2112 620 2147 Gr.
650 2112 830 2145 Venerem
864 2110 971 2144 FVH
1005 2111 1051 2146 cf.
1077 2110 1214 2153 Meyer.
1241 2122 1275 2153 p.
1305 2110 1358 2144 17.
1395 2109 1449 2143 60.
1485 2112 1602 2142 certat
1627 2108 1668 2144 L.
1705 2110 1849 2142 certant

294 2161 330 2192 'F
355 2161 418 2205 (ζοῖ.
439 2160 576 2203 Meyer.
596 2171 630 2202 p.
650 2160 711 2203 ⁴27)
736 2159 794 2193 Ri.
815 2158 899 2202 Spe.
919 2158 972 2191 Cf.
992 2158 1153 2201 Madvig.
1182 2157 1305 2191 Grram.
1332 2156 1396 2190 lat.
1416 2159 1447 2199 ᾗ.
1466 2156 1545 2190 213.
1572 2176 1617 2180 ——
1643 2155 1698 2190 39.
1727 2165 1850 2188 amore

290 2208 354 2243 Gr.
390 2219 551 2241 amorem
577 2206 606 2240 F
633 2206 678 2240 cf.
712 2206 817 2240 Publ.
843 2205 863 2238 I
889 2206 933 2239 38
962 2206 1074 2249 (268).
1104 2225 1147 2229 —
1173 2204 1229 2238 40.
1264 2204 1341 2246 quis
1369 2203 1505 2247 (queis)
1534 2201 1596 2237 Gr.
1624 2202 1755 2245 quibus
1780 2200 1850 2236 FH

290 2255 335 2288 cf.
363 2255 499 2298 Meyer.
526 2266 560 2297 p.
589 2254 644 2287 60.
671 2252 776 2287 Publ.
803 2253 832 2286 F
858 2252 913 2286 ⁴29.
942 2273 986 2276 —
1012 2253 1068 2287 41.
1095 2251 1254 2285 Versum
1281 2262 1350 2284 om.
1378 2250 1442 2284 Bo.
1470 2250 1612 2293 peccati
1645 2249 1737 2283 coni.
1765 2247 1849 2292 Spe.

290 2313 397 2345 quem
423 2302 511 2335 faeti
536 2300 575 2341 F,
603 2312 685 2333 cum
711 2300 801 2333 facti
826 2299 864 2332 H
892 2299 935 2334 cf.
963 2298 1102 2342 Meyer.
1129 2310 1163 2342 p.
1192 2298 1247 2332 20.
1275 2297 1328 2331 60.
1357 2300 1439 2340 post
1464 2296 1554 2330 facti
1580 2296 1673 2330 coni.
1699 2295 1763 2330 Gr.
1788 2295 1849 2330 Or.

290 2349 373 2384 Wo.
402 2349 484 2383 coll.
512 2347 619 2382 Publ.
648 2347 680 2381 G
707 2348 726 2381 3
753 2346 855 2391 (196)
880 2346 920 2380 Μ
938 2346 982 2380 :38
1010 2347 1113 2390 (366)
1133 2345 1192 2380 Ri.
1219 2356 1303 2378 mox
1330 2343 1418 2377 sacti
1436 2343 1618 2378 Halmius.
1646 2364 1690 2367 ——
1716 2343 1772 2377 42.
1798 2342 1851 2375 in-

292 2396 464 2439 deptatur
490 2395 619 2438 scripsi
645 2406 688 2427 ex
716 2394 807 2426 coni.
837 2405 918 2426 cum
944 2393 1127 2427 iudicatur
1148 2391 1187 2427 F.
1215 2394 1294 2424 tum
1319 2391 1504 2424 indicatur
1524 2390 1589 2425 Bo.
1616 2387 1851 2423 iudicaturH

291 2444 352 2483 (cf.
386 2442 522 2485 Meyer.
557 2454 592 2485 p.
626 2442 681 2475 20.
718 2441 779 2485 61)
816 2440 877 2475 Gr.
913 2440 972 2475 Or.
1006 2440 1192 2473 indicatur
1223 2438 1306 2471 Wo.
1339 2437 1397 2472 Ri.
1432 2436 1515 2481 Spe.
1551 2458 1594 2461 —
1620 2437 1676 2471 43.
1716 2436 1851 2470 Versus

294 2492 415 2524 exstat
448 2489 546 2532 apud
581 2488 683 2521 Caec.
717 2487 822 2521 Balb.
856 2499 890 2531 p.
919 2488 974 2521 21.
1009 2487 1109 2520 Mon.
1144 2485 1234 2519 VII.
1261 2486 1281 2519 3
1307 2484 1427 2529 (Sent.
1455 2485 1525 2527 97).
1561 2483 1615 2517 Cf.
1641 2482 1851 2517 Woelfflin.

297 2537 397 2571 Sent.
425 2536 517 2569 falso
544 2536 640 2568 inter
664 2535 770 2568 Publ.
797 2538 931 2577 recept.
962 2534 1039 2569 181.
1066 2533 1178 2567 rediit
1204 2532 1267 2566 Be.
1294 2531 1388 2565 redit
1415 2531 1484 2565 ΕΗ
1507 2530 1550 2564 cf.
1578 2530 1715 2574 Meyer.
1740 2541 1776 2573 p.
1794 2529 1850 2563 44.

296 2584 351 2618 60.
379 2605 422 2608 ——
449 2584 505 2618 413.
532 2582 688 2616 iocunda
713 2581 796 2616 Wo.
824 2582 870 2615 cf.
897 2580 1002 2619 Publ.
1030 2580 1048 2614 I
1076 2581 1120 2614 10
1145 2580 1258 2623 (239).
1284 2578 1422 2612 inimici
1447 2577 1604 2622 Ingolst.
1631 2577 1729 2610 imici
1747 2576 1788 2610 F.
1808 2597 1852 2601 —

295 2632 351 2665 46.
378 2631 416 2664 in
442 2641 574 2663 venere
602 2628 684 2672 Spe.
714 2649 757 2653 -—-
783 2629 840 2662 45.
867 2627 1013 2663 Pub1.1
1033 2629 1075 2662 15
1102 2627 1214 2671 (2441.
1243 2647 1285 2651 ——
1312 2625 1368 2660 48.
1396 2625 1553 2658 facilitas
1581 2624 1673 2658 coni.
1693 2623 1774 2657 Wo.
1793 2622 1852 2658 Ri.

296 2677 380 2722 Spe.
407 2677 562 2710 felicitas
580 2675 649 2709 FH
667 2675 729 2713 (cf.
747 2675 885 2719 Meyer.
905 2687 939 2718 p.
961 2674 1014 2709 19.
1035 2675 1095 2711 61)
1119 2674 1315 2708 verborum
1334 2671 1459 2705 ordine
1483 2674 1639 2705 mutato:
1669 2669 1853 2704 stultitiae

297 2737 332 2768 p.
360 2724 544 2758 interdum
570 2723 603 2755 h.
632 2723 788 2756 felicitas
808 2723 871 2756 Gr.
891 2722 951 2755 Or.
978 2721 1046 2756 Bo.
1074 2716 1117 2746 ὲ
1143 2721 1200 2755 49.
1227 2724 1281 2754 est
1307 2719 1443 2752 laboris
1462 2718 1617 2762 Ingolst.
1643 2717 1780 2750 laboris
1799 2719 1854 2750 est

297 2771 406 2805 HFV
425 2771 470 2805 cf.
490 2770 625 2813 Meyer.
644 2781 678 2813 p.
700 2770 754 2803 10.
782 2770 836 2803 61.
866 2791 908 2794 —
937 2769 992 2803 5¹).
1019 2768 1129 2803 facias
1149 2779 1256 2811 quam
1282 2766 1376 2800 feras
1395 2764 1474 2805 HF,
1502 2765 1594 2799 feras
1621 2776 1728 2807 quam
1745 2763 1854 2797 facias
