1967 3090
751 196 1071 237 -115—

140 312 262 345 saniae
294 311 493 354 proximus.
543 310 649 354 Quod
674 321 731 344 res
758 309 972 344 difficillima
990 310 1051 343 vix
1077 309 1145 343 deo
1165 320 1334 343 concessa
1361 308 1502 349 dicitur,
1530 308 1569 343 id
1594 308 1694 343 vide-

140 361 200 392 tur
225 358 408 403 proverbii
434 358 593 401 speciem
618 368 704 401 prae
731 369 768 391 se
795 357 902 392 ferre.
953 357 1005 390 Cf.
1034 357 1106 391 Uic.
1134 355 1194 391 Or.
1223 357 1253 398 ἴ»,
1276 357 1327 391 18.

237 408 291 440 23.
320 405 490 446 „Etenim
515 417 595 438 cum
621 405 784 445 moritur⁷
819 407 896 438 tum
931 404 1077 437 demum
1109 404 1292 447 permittit
1329 403 1418 437 alios
1454 404 1524 436 suis
1565 403 1693 447 opibus

142 453 248 487 frui.⁶·
299 452 483 487 Erasnms.

237 501 292 534 24.
332 499 463 533 Versus
496 499 697 542 scripturae
730 498 909 532 varietate
952 501 989 532 et
1023 498 1223 532 sententiae
1265 497 1490 531 obscenitate
1523 497 1694 538 lubricus,

143 558 250 592 quem
276 547 336 581 alii
364 547 471 580 aliter
496 557 673 589 reponere
698 546 821 578 conati
846 547 939 580 sunt.
991 544 1107 588 Quem
1133 556 1200 589 ego
1227 544 1321 585 dedi,
1350 556 1430 578 eum
1449 545 1499 578 sic
1519 545 1696 588 interpre-

141 598 218 629 tor:
238 594 313 635 „Ut
327 594 462 627 astutia
475 593 620 636 quidem
638 592 808 626 cinaedus
828 592 959 625 vitium
979 593 1096 626 celare
1117 591 1256 627 studet:
1276 592 1328 625 ita
1342 591 1492 625 libidine
1508 595 1696 626 aestuante

146 654 183 676 se
209 642 284 685 ipse
311 641 469 685 proditf‘
520 640 664 673 Astus
683 639 839 682 quidem,
868 651 975 682 quam
995 639 1127 674 Graeci
1145 639 1272 673 dicunt
1300 641 1532 682 πανουργίαν,
1560 639 1696 672 1108111-

142 690 254 723 cimus
273 687 607 727 Verschmitztheit,
635 686 795 721 feliciter
818 686 1054 720 Woelfflinus
1082 698 1126 720 ex
1151 686 1272 719 variae
1292 686 1493 729 scripturae
1512 686 1697 730 farragine

142 736 387 770 enucleavisse
413 734 502 768 mihi
527 733 687 769 videtur:
715 745 799 768 nam
824 734 893 767 etsi
919 734 993 768 eius
1020 734 1177 767 nominis
1203 733 1469 767 nominativum
1494 744 1575 766 raro
1602 733 1698 776 apud

143 783 340 827 scriptores
367 781 440 825 legi
467 781 671 821 observant,
698 781 772 824 legi
797 783 919 814 tamen
944 792 1017 814 non
1042 784 1188 825 negant.
1222 785 1261 814 ut
1295 780 1389 824 apud
1417 779 1480 814 Sil.
1515 779 1562 815 R.
1590 779 1695 816 XVI.

142 830 217 865 32.;
251 841 324 863 non
349 840 407 863 ars
434 831 495 862 aut
521 832 618 861 astus
644 828 733 862 belli
758 828 817 861 161
842 828 991 862 dextera
1017 828 1152 862 deerat.
1204 827 1257 862 Cf.
1284 827 1387 861 Paul.
1406 826 1698 871 Diac.Excerpt.

142 889 175 911 1.
203 880 292 911 astu.
342 876 399 910 De
424 875 583 909 cinaedis
610 875 671 908 vix
697 878 751 908 est
777 875 874 918 quod
907 875 1098 919 disputem,
1136 887 1217 909 cum
1250 875 1288 908 id
1322 886 1433 918 genus
1468 875 1628 907 virorum
1661 878 1699 909 et

142 924 289 958 habitus
323 926 540 966 ornatusque
572 922 726 956 mollitie
765 928 801 956 et
834 922 1018 957 muliebris
1055 923 1170 966 stupri
1204 922 1428 966 professione
1462 925 1498 955 et
1536 922 1699 955 iocorum

143 971 370 1005 obscenitate
391 974 427 1003 et
445 970 623 1003 cantionis
643 969 920 1013 saltationisque
939 970 1088 1003 lascivia
1107 970 1240 1003 infame
1259 970 1301 1002 iis
1320 969 1427 1002 rebus
1447 969 1699 1012 quotidianum

143 1021 333 1061 quaestum
358 1018 487 1051 fecisse
514 1016 629 1057 multi,
658 1017 718 1059 qui
743 1016 788 1050 de
814 1017 996 1061 corruptis
1032 1028 1073 1050 ea
1107 1020 1226 1050 aetate
1252 1016 1503 1050 Romanorum
1536 1017 1698 1051 moribus

145 1065 392 1105 tradiderunt,
421 1066 617 1107 scriptores
644 1068 681 1097 et
707 1075 816 1107 prosa
843 1067 879 1097 et
904 1064 1068 1098 versibus
1096 1064 1347 1108 explicuerint.
1399 1063 1453 1098 Cf.
1473 1063 1592 1097 Plaut.
1612 1064 1696 1099 Aul.

143 1111 217 1148 ΠΙ.
246 1116 276 1153 2⁷
293 1112 324 1147 8.
352 1111 541 1146 Menaech.
568 1110 638 1144 HI.
664 1112 694 1151 2,
711 1111 766 1146 48.
791 1110 904 1145 Stich.
940 1111 985 1146 V.
1022 1111 1051 1151 5,
1074 1112 1123 1147 19.
1153 1113 1178 1146 ἶ.
1196 1112 1227 1146 4.
1264 1111 1411 1145 Petron.
1442 1109 1516 1144 Sat.
1553 1112 1608 1146 21.
1643 1112 1699 1146 24.

143 1159 254 1193 Mart.
281 1170 337 1203 ep.
363 1158 436 1194 HI.
464 1159 518 1193 73.
551 1158 612 1191 VI.
643 1159 695 1194 16.
724 1158 813 1194 VII.
842 1159 896 1193 58.
923 1158 992 1194 [X.
1020 1159 1074 1198 27,
1092 1160 1122 1194 3.
1148 1159 1202 1194 (53.
1232 1158 1284 1199 90,
1302 1159 1333 1193 9.
1360 1157 1407 1193 X.
1430 1158 1485 1192 4o.
1519 1157 1607 1191 XII.
1644 1159 1698 1193 16.

145 1206 240 1242 Plin.
276 1218 331 1251 ep.
372 1205 440 1240 IX.
477 1206 532 1240 17.
567 1204 690 1239 Iuven.
727 1205 780 1239 Π.
822 1206 874 1240 10.
911 1205 1004 1241 Gell.
1038 1205 1105 1241 VI.
1144 1207 1196 1240 12.
1229 1205 1341 1249 Apul.
1376 1204 1464 1239 Met.
1496 1204 1607 1238 VIII.
1644 1206 1700 1241 26.

144 1254 292 1288 Aestu
319 1254 473 1296 denique
498 1253 611 1286 nimia
637 1252 796 1286 ardentis
824 1252 988 1286 adfectus
1015 1253 1072 1286 161
1091 1254 1222 1286 amoris
1248 1254 1300 1285 w's
1329 1252 1564 1296 significatur.
1591 1264 1700 1296 quam

145 1301 365 1345 praesertim
390 1302 521 1344 poetae
545 1300 655 1333 variis
689 1300 909 1334 dictionibus
945 1300 989 1333 ab
1022 1301 1105 1345 igne
1136 1300 1303 1344 repetitis
1339 1299 1536 1345 depingere
1570 1300 1700 1334 solent.

148 1348 203 1383 Of.
230 1348 334 1383 Ovid.
361 1347 511 1382 Remed.
537 1347 621 1381 Am.
650 1347 726 1381 720.
754 1347 863 1391 Prop.
892 1346 942 1380 II.
970 1347 1096 1386 24,4.3.
1123 1348 1178 1382 44.
1230 1346 1311 1380 Sen.
1338 1346 1491 1391 Hippol.
1514 1346 1593 1382 289.
1621 1347 1700 1382 588.

147 1395 281 1429 Troad.
311 1395 390 1429 524.
416 1394 515 1428 Hinc
543 1394 761 1427 desiderium
787 1394 988 1428 aestuantis
1015 1394 1212 1428 accendere
1239 1395 1331 1427 dixit
1349 1393 1498 1428 Petron.
1518 1393 1592 1429 Sat.
1623 1395 1700 1429 126.

147 1442 236 1476 Alia
262 1442 424 1476 ciusdem
449 1442 593 1485 generis
620 1441 797 1475 vocabula
823 1445 907 1474 sunt
933 1441 1025 1486 ignis
1054 1442 1160 1486 apud.
1189 1441 1300 1487 Verg.
1328 1441 1420 1475 Aen.
1448 1441 1516 1474 IV.
1550 1442 1580 1475 2.
1617 1440 1700 1476 Sen.

147 1490 299 1534 Hippol.
328 1489 406 1524 190.
433 1489 512 1523 292.
540 1489 598 1523 vel
624 1489 726 1532 ignes
753 1489 849 1532 apud
877 1488 961 1523 Sen.
987 1488 1102 1533 Hipp.
1129 1489 1209 1524 41-3.
1236 1489 1348 1523 Herc.
1375 1488 1453 1523 Oct.
1483 1488 1560 1523 378.
1587 1500 1703 1533 vapor

149 1548 321 1580 amorque
348 1536 445 1580 apud
472 1535 554 1569 Sen.
580 1535 694 1579 Hipp.
731 1536 808 1570 638.
840 1536 977 1570 calores
1011 1547 1067 1580 ap.
1095 1535 1177 1570 Seu.
1204 1535 1318 1579 Hipp.
1352 1536 1430 1570 291.
1459 1534 1584 1569 Octav.
1622 1537 1701 1572 561.

149 1584 254 1618 ardor
284 1595 340 1627 ap.
368 1583 451 1617 Sen.
476 1583 609 1627 Agam.
640 1583 714 1617 171
742 1582 853 1617 Herc.
881 1582 960 1617 Oct.
989 1584 1067 1617 370.
1095 1583 1155 1617 fax
1186 1595 1241 1627 ap.
1270 1583 1352 1617 Sen.
1380 1583 1489 1617 Herc.
1517 1585 1595 1618 Oct.
1623 1584 1701 1618 370.

148 1632 275 1666 Octav.
302 1632 380 1665 550.
398 1631 531 1673 Agam.
559 1630 635 1664 119.
662 1632 699 1663 et
724 1630 821 1674 apud
851 1629 956 1664 Publ.
975 1630 1021 1666 A.
1049 1632 1103 1665 339.
1131 1630 1277 1664 flamma
1301 1642 1356 1674 ap.
1377 1630 1487 1674 Verg.
1506 1630 1599 1664 Aen.
1634 1629 1702 1664 IV.

149 1680 205 1714 23.
233 1678 288 1713 66.
315 1677 373 1711 vel
399 1677 564 1711 fiammae
591 1688 648 1720 ap.
677 1676 759 1711 Sen.
786 1677 901 1721 Hipp.
929 1678 1006 1712 290.
1036 1677 1119 1711 Huc
1147 1678 1322 1711 accedunt
1350 1678 1462 1711 verba
1491 1678 1610 1711 calere
1645 1689 1702 1722 ap.

150 1725 233 1760 Sen.
261 1724 375 1759 Herc.
404 1723 483 1758 Oct.
511 1724 590 1759 377.
617 1735 721 1758 urere
747 1736 804 1768 ap.
833 1724 942 1768 Verg.
961 1725 1054 1758 Aen,
1081 1724 1150 1760 IV.
1178 1728 1233 1759 68.
1261 1725 1388 1758 ardere
1416 1736 1471 1768 ap.
1494 1724 1603 1769 Verg.
1624 1724 1703 1760 Ecl.

149 1772 201 1808 II.
236 1774 266 1808 1.
293 1772 517 1805 inflammare
544 1782 600 1815 ap.
628 1771 739 1814 Verg.
765 1772 860 1806 Aen.
888 1771 956 1806 IV.
983 1773 1038 1807 54.
1066 1772 1259 1806 incendere
1286 1784 1342 1815 ap.
1363 1771 1444 1806 Sen.
1465 1772 1596 1815 Agam.
1627 1773 1703 1808 189.

149 1820 281 1854 Restat
294 1822 335 1853 ut
348 1819 392 1853 de
410 1818 615 1852 nominibus
630 1821 732 1852 astu
743 1822 797 1853 set·
815 1822 966 1853 aestus
985 1820 1161 1863 oppositis
1176 1831 1291 1863 pauca
1308 1819 1449 1853 addam.
1474 1818 1589 1853 Nemo
1609 1820 1705 1853 enim

149 1868 188 1901 in
212 1867 268 1900 his
295 1866 472 1910 oppositis
499 1866 843 1907 annominationem,
871 1878 961 1909 quae
985 1870 1144 1907 vocatur,
1173 1868 1293 1901 inesse
1319 1878 1392 1900 non
1410 1866 1520 1900 videt.
1571 1866 1703 1910 Quam-

151 1926 259 1958 quam
286 1913 519 1947 XVoelfflinus
545 1912 691 1957 Proleg.
718 1925 752 1956 p.
792 1914 846 1948 58.
874 1914 929 1948 59.
968 1916 1117 1957 poetam
1149 1914 1452 1947 homoeoteleutis
1487 1914 1704 1948 abstinuisse

150 1965 250 1996 recte
274 1961 420 1994 videtur
446 1961 708 2000 observavisse,
736 1963 858 1994 tamen
885 1962 1181 1995 annominatione
1201 1965 1300 1995 certe
1325 1964 1386 1994 aut
1412 1961 1492 2004 pari
1509 1961 1622 1994 verba
1646 1962 1705 1996 vel

151 2008 404 2053 incipientium
430 2007 487 2041 161
512 2007 787 2041 terminantium
812 2007 1020 2042 litterarum
1047 2008 1334 2052 syllabarumque
1362 2009 1483 2041 sonitu
1509 2012 1570 2041 aut
1602 2020 1704 2053 repe-

150 2056 220 2090 tita
259 2055 422 2089 eiusdem
449 2055 550 2088 verbi
577 2054 695 2088 forma
713 2055 840 2088 eadem
858 2055 914 2089 vel
933 2055 1115 2090 declinata
1133 2055 1357 2099 frequentius
1375 2067 1459 2088 usus
1480 2062 1544 2090 est.
1596 2056 1704 2089 Cuius

153 2103 299 2146 quidem
324 2102 629 2136 annominationis
656 2102 833 2135 nonnulla
860 2102 1030 2146 exempla
1057 2103 1223 2136 attulisse
1250 2103 1336 2136 satis
1365 2106 1437 2137 est:
1470 2102 1575 2137 Publ.
1602 2103 1633 2136 B
1660 2104 1704 2138 27

152 2151 231 2194 (270)
259 2148 632 2184 excidunt-occidiuit.
652 2148 679 2182 C
697 2150 742 2183 34
760 2149 863 2193 (110)
883 2150 1223 2193 cuivis—cuiquam.
1273 2149 1307 2183 D
1334 2150 1353 2184 ’7
1381 2150 1483 2193 (129)
1510 2150 1704 2184 decrescit-

153 2200 301 2232 crescat.
329 2196 363 2229 D
379 2198 398 2229 9
415 2196 516 2240 (131)
542 2196 981 2230 discordia—concordia.
1009 2197 1068 2231 Gi
1091 2197 1192 2241 (194)
1210 2197 1704 2241 praeiudicium—iudicium.

152 2245 191 2279 H
218 2246 261 2279 18
288 2244 389 2287 (220)
415 2243 881 2277 6011111101161116ῌ1101161113.
931 2244 970 2277 Η
996 2244 1041 2278 24
1078 2244 1179 2287 (226)
1219 2244 1704 2280 honestum—inhonestum

151 2292 172 2326 I
199 2292 254 2327 65.
281 2290 569 2334 inopia—copia.
620 2290 652 2324 L
682 2292 699 2324 1
726 2291 826 2335 (291)
854 2290 1044 2335 indignum
1071 2291 1241 2336 dignitas.
1292 2291 1323 2324 L
1349 2292 1370 2326 8
1397 2292 1499 2336 (299)
1524 2302 1705 2325 nocens—

153 2340 339 2373 innocens.
389 2336 428 2371 M
447 2338 489 2372 67
509 2338 609 2381 (375)
627 2337 919 2371 scias—nescias.
971 2338 1003 2372 N
1022 2339 1044 2372 4
1063 2339 1165 2383 (380)
1182 2338 1437 2372 ruina—rima.
1489 2337 1522 2371 N
1543 2340 1585 2373 15
1603 2339 1707 2383 (391)

153 2385 460 2431 corrigit—regit.
509 2383 539 2417 P
575 2385 618 2419 52
643 2385 744 2429 (670)
770 2396 1054 2420 mensa—mens
1105 2385 1134 2419 P
1161 2387 1204 2421 46
1231 2386 1333 2430 (495)
1361 2386 1706 2420 levat—ur—-laxatun

156 2434 189 2476 Q
206 2434 249 2469 3ss
270 2433 372 2476 (536)
397 2431 757 2475 probis—improbis,
800 2432 835 2466 R
852 2432 873 2465 4
890 2433 992 2476 (5722)
1009 2444 1285 2466 rarum-carum.
1335 2432 1370 2466 R
1389 2434 1408 2467 9
1427 2433 1528 2477 (557)
1547 2433 1706 2466 nolim—4

154 2481 276 2515 velim.
305 2501 347 2504 -—
375 2478 533 2512 Versum
559 2478 622 2511 alii
648 2478 755 2512 aliter
781 2482 817 2512 et
844 2480 1065 2523 scripserunt
1094 2485 1129 2513 et
1155 2480 1389 2523 interpretati
1408 2483 1500 2515 sunt.
1551 2480 1607 2514 Ac
1633 2481 1706 2524 pri-

154 2540 254 2561 mum
280 2526 425 2570 quidem
442 2525 615 2559 Erasmus
634 2525 723 2559 haec
742 2526 903 2570 scripsit:
932 2527 1089 2567 ..Astute
1108 2527 1194 2560 dum
1212 2528 1360 2568 celatur,
1389 2538 1425 2560 se
1451 2530 1550 2561 aetas
1569 2527 1708 2561 indicat

155 2575 177 2610 i.
205 2587 233 2609 e.
262 2576 426 2608 senectus
453 2573 563 2607 celari
589 2584 662 2606 non
679 2576 810 2616 potest.
860 2572 940 2606 Nisi
965 2573 1058 2607 forte
1078 2575 1128 2608 sic
1146 2574 1340 2619 legendum
1359 2577 1431 2609 est:
1458 2574 1554 2608 Astu
1572 2575 1708 2609 crimen

156 2622 305 2661 celatur,
333 2624 430 2654 aetas
456 2620 606 2655 indicat.
656 2619 815 2664 Tempus
842 2621 937 2653 enim
963 2621 1083 2654 onmia
1109 2622 1260 2665 aperit··.
1313 2621 1387 2655 Nec
1412 2622 1529 2655 minus
1557 2622 1601 2655 de
1628 2633 1706 2655 sen·

155 2669 271 2703 tentia
297 2668 441 2702 dubitat
469 2666 658 2707 Gruterus,
687 2678 769 2701 cum
794 2679 938 2701 versum
965 2668 1015 2702 sic
1041 2669 1235 2713 scriptum:
1274 2669 1406 2710 „Aetas
1434 2669 1624 2703 cinaedum
1650 2680 1706 2702 ce-

156 2716 219 2756 lat,
255 2718 354 2749 aetas
388 2714 549 2748 indicat*
581 2714 690 2747 modo
725 2715 988 2758 interpretetur
1021 2715 1057 2749 id
1099 2716 1158 2749 hic
1192 2716 1294 2748 innui
1329 2715 1504 2759 quosdam
1538 2716 1707 2749 cinaedos

159 2774 245 2799 esse.
273 2762 449 2806 quosdam
474 2762 595 2805 putari
620 2762 643 2795 i.
671 2772 699 2794 e.
727 2762 976 2795 adolescentes
1004 2763 1125 2805 putari
1152 2767 1185 2796 et
1205 2763 1351 2796 interim
1369 2763 1582 2807 grandiores
1602 2774 1709 2806 saepe

158 2821 247 2851 esse,
273 2821 369 2843 nunc
394 2809 576 2842 neminem
602 2808 665 2841 diu
691 2820 798 2851 posse
833 2809 1001 2843 simulare
1035 2810 1217 2851 virtutem,
1254 2810 1284 2843 si
1316 2810 1363 2843 sit
1397 2810 1578 2851 cinaedus,
1614 2822 1710 2843 nunc

1429 2871 1472 2903 ὅ*
