1967 3090
759 144 813 149 —
879 123 961 163 175
1026 145 1078 148 —

138 237 264 276 nescit,
292 237 355 280 qui
380 235 627 270 accusativum
654 235 780 270 abesse
806 236 968 280 potuisse
994 234 1108 269 latine
1127 234 1310 269 scribendi
1328 233 1408 278 lege
1427 233 1592 268 doceant.
1621 231 1694 267 Sed

134 287 277 318 tantum
302 284 415 323 abest,
442 287 480 316 ut
508 283 555 316 ad
580 282 672 316 hanc
698 283 878 316 rationem
903 283 1081 316 incertam
1100 293 1140 315 30
1161 281 1338 315 lubricam
1357 280 1554 325 confugere
1571 280 1691 320 velim,

139 335 180 364 ut
205 330 338 364 certius
364 329 567 363 remedium
593 340 636 362 ex
663 330 799 363 codicis
826 328 999 363 Vossiani
1025 329 1206 381 scriptura
1232 327 1321 360 mihi
1346 327 1474 361 videar
1500 327 1692 361 invenisse.

136 376 182 411 In
207 388 277 420 quo
305 388 387 411 cum
413 377 608 410 amicum
634 376 820 419 scriptum.
849 387 958 420 supra
977 376 1154 419 sciiptum
1179 374 1416 408 inimicum
1441 376 1626 427 appaieat,
1649 385 1694 407 ex

137 435 180 458 ea
205 424 385 468 scriptura
405 427 596 466 utrumque
622 422 690 456 1100
717 423 798 457 1000
825 423 1048 457 coniunctim
1073 422 1210 456 lectum
1235 421 1323 454 olim
1343 421 1455 454 fuisse
1474 421 1625 461 conicio,
1653 425 1694 454 ut

135 471 293 505 alterum
318 471 507 504 amicum
533 473 831 513 praeponeretur,
860 470 1019 503 alterum
1044 470 1236 502 amicum
1269 467 1693 511 subse‹queretu1.Qu0

136 517 234 552 facto
261 517 376 551 hunc
395 517 578 551 abundare
593 517 830 561 intellegitur.
859 515 931 550 Sed
950 517 1043 550 duae
1061 516 1154 549 aliae
1173 525 1301 549 causae
1320 518 1412 553 sunt,
1442 514 1572 557 quibus
1597 515 1694 557 quod

135 565 266 609 scripsi
278 563 598 618 comprobandum
615 563 792 597 videatur.
820 576 890 597 una
908 563 1004 606 quod
1021 563 1214 597 amicum
1233 567 1269 596 et
1287 561 1531 594 inimicum
1556 562 1694 595 maiore

135 623 218 645 cum
250 612 286 644 xi
321 612 394 645 sive
427 613 694 654 componuntur
727 611 802 644 sive
829 614 1081 664 opponuntur,
1117 614 1158 643 ut
1183 609 1262 643 fieri
1288 607 1451 641 videmus
1486 608 1584 651 apud
1609 607 1691 642 Ter.

135 658 226 693 Hec.
253 657 306 692 II
335 658 528 697 ’1,14.3Χ
554 657 714 691 amicis
740 658 923 691 inimici
948 661 989 691 ut
1015 657 1089 691 sint
1113 656 1218 691 nobis
1246 654 1395 695 adfines,
1430 654 1537 697 facis3
1575 655 1692 688 altera

136 705 232 749 quod
257 684 438 739 Publilius
465 704 628 738 eiusdem
652 705 810 738 nominis
828 705 886 738 vel
903 704 1017 745 verbi,
1044 705 1082 738 in
1108 715 1178 748 quo
1205 702 1408 737 sententiae
1426 701 1481 735 vis
1508 682 1688 741 cernatur

135 753 324 797 geminare
362 752 465 786 solet.
508 751 562 786 Cf
589 750 695 785 Publ.
734 751 771 785 A
796 752 852 787 4⁴).
890 751 1022 804 Itaque
1059 751 1150 785 haec
1188 760 1314 784 versus
1355 749 1537 782 sententia
1576 749 1627 782 sic
1655 760 1692 783 se

136 799 262 834 habet:
298 798 358 832 Ita
383 809 503 832 amare
536 802 692 842 oportet,
726 802 768 832 ut
793 810 838 832 ex
869 799 985 833 amico
1011 799 1201 833 inimicum
1233 796 1313 832 fieri
1338 806 1445 839 posse
1469 796 1692 830 memineris.

134 845 300 881 Eandem
331 846 388 880 vel
422 845 578 880 similem
612 846 834 880 sententiam
866 846 991 890 plures
1026 846 1089 880 alii
1122 846 1319 890 scriptores
1353 854 1435 877 cum
1461 840 1594 876 Graeci
1628 842 1690 887 (cf.

135 892 312 927 Ribbeck.
347 892 482 927 Ooroll,
514 904 550 936 p.
576 891 735 928 XCVII
770 896 849 926 tum
882 893 1007 927 Latini
1041 896 1311 937 expresserunt.
1361 889 1413 923 Ut
1437 900 1498 923 eos
1526 893 1690 933 praeter-

134 940 292 981 mittam,
319 950 407 983 quos
435 951 543 983 supra
569 935 1694 984 (11Χί,01.80113131.663-668.Ρ111)1.Ι32(261).(3330.

137 986 242 1024 Balb.
330 987 386 1021 25.
413 985 512 1021 Mon.
538 985 623 1021 XV.
651 988 691 1021 11
720 952 961 1032 (Senlt).101J
986 986 1243 1028 Ἑ13300031113
1269 987 1307 1019 13
1332 975 1568 1027 proverbium
1585 983 1694 1018 abiit:

134 1033 311 1068 Amomd
316 1033 379 1067 11111
404 1034 485 1074 ami,
513 1033 659 1067 demain
676 1035 830 1075 ennemi,
857 1038 898 1068 ut
923 1035 974 1068 ait
991 1034 1199 1075 Mesanoer.
1218 1033 1316 1068 Dict,
1344 1031 1407 1064 des
1434 1042 1536 1074 proin
1563 1030 1592 1064 F
1594 1042 1693 1074 rang¹

137 1092 172 1125 p.
198 1081 254 1115 41.
281 1080 412 1115 Melius
439 1080 542 1116 Caec.
569 1080 674 1116 Balb.
709 1093 745 1125 p.
772 1082 827 1115 25.
863 1081 964 1116 Mon.
989 1081 1075 1115 XV.
1103 1081 1123 1115 9
1157 1078 1583 1130 (Sent.1iOJ;opti1ne
1609 1077 1694 1111 Sen.

134 1138 192 1172 ep.
218 1127 303 1163 XV.
331 1128 350 1162 3
377 1128 456 1173 (95)
484 1128 547 1163 63:
582 1127 749 1172 Denique
783 1140 865 1162 cum
896 1140 1085 1163 monemus
1113 1123 1281 1171 aliquem
1316 1130 1357 1160 ut
1383 1125 1540 1158 amicum
1566 1125 1695 1159 eodeni

135 1174 269 1209 habeat
301 1175 393 1215 1000,
433 1186 502 1218 quo
530 1186 577 1212 se
616 1179 655 1209 ut
691 1187 735 1210 ex
768 1176 917 1209 inimico
952 1176 1090 1219 cogitet
1115 1174 1194 1208 fieri
1218 1186 1326 1218 posse
1352 1172 1525 1208 amicum:
1568 1172 1604 1205 in
1629 1172 1693 1205 illo

136 1232 299 1256 amorem
324 1222 462 1262 incitet,
501 1222 540 1255 13
573 1222 642 1256 hoc
675 1223 886 1257 moderetur
911 1223 1045 1256 odium.
1082 1222 1277 1256 adicimus:
1315 1223 1451 1255 iustum
1486 1222 1541 1252 est
1568 1222 1605 1252 et
1631 1218 1693 1252 ho-

136 1273 292 1303 nestum.

233 1316 286 1351 17.
312 1315 369 1350 De
395 1327 519 1350 versus
554 1315 851 1350 adnominatione
886 1316 932 1351 cf.
966 1316 1012 1350 ad
1045 1315 1150 1351 Publ.
1183 1317 1220 1350 A
1246 1317 1301 1350 24.
1340 1315 1585 1362 Praecipuum
1619 1318 1694 1352 eius

136 1362 191 1396 rei
217 1363 424 1407 exemplum
448 1363 560 1398 habes
588 1363 685 1407 apud
711 1362 793 1397 Sen.
821 1363 954 1398 Troad.
983 1363 1068 1398 870:
1097 1362 1268 1407 Optanda
1292 1374 1390 1396 mors
1418 1368 1473 1398 est
1500 1365 1577 1398 sine
1594 1369 1695 1399 metu

135 1410 264 1444 mortis
289 1410 393 1445 mori.
445 1410 538 1444 Cum
562 1410 790 1444 fortitudinis
816 1411 864 1444 sit
888 1410 1031 1453 quidvis
1056 1411 1201 1444 adversi
1226 1410 1332 1450 ferre,
1351 1410 1421 1445 hoc
1439 1412 1558 1455 ipsum
1575 1412 1694 1456 primo

136 1456 218 1490 1000
244 1457 331 1500 poni
357 1457 534 1500 debebat;
562 1457 627 1491 sed
651 1460 799 1500 praeter
816 1457 1073 1491 fortitudinem
1098 1457 1257 1491 inw'diae
1281 1457 1453 1492 ferendae
1472 1470 1599 1503 parem
1617 1470 1695 1493 esse

135 1503 187 1537 ita
218 1504 417 1538 secundum
443 1508 508 1545 est,
543 1508 582 1538 ut
614 1504 651 1537 in
685 1504 753 1537 hoc
787 1505 989 1538 sententiae
1023 1515 1175 1538 acumen
1208 1505 1370 1548 positum
1402 1505 1459 1540 sit.
1509 1505 1694 1539 Invidiam

135 1549 231 1585 ferre
264 1562 347 1585 cum
379 1550 484 1585 fortis
517 1551 603 1592 viri,
636 1555 714 1585 tum
746 1551 904 1586 hominis
938 1551 1056 1585 felicis
1091 1556 1156 1586 est.
1216 1550 1462 1595 Quamobrem
1495 1552 1694 1586 verborum

135 1597 302 1632 ordinem
327 1609 420 1639 eum,
447 1609 554 1641 quem
578 1602 706 1632 tenent
722 1598 806 1638 LH,
833 1598 1115 1642 praeferendum
1141 1599 1321 1633 existimo.
1371 1598 1477 1633 Haec
1504 1599 1693 1633 Erasmus:

139 1643 353 1687 „Fortunati
377 1645 577 1690 neglegunt
602 1645 788 1685 invidiam,
816 1646 872 1679 vir
897 1645 1004 1679 fortis
1031 1646 1244 1681 contemnit.
1295 1645 1350 1681 Cf.
1384 1645 1467 1681 Sen.
1493 1646 1583 1680 Her.
1609 1645 1693 1681 Fur.

136 1692 216 1727 352.
246 1691 370 1736 Quint.
398 1691 487 1726 XII.
516 1694 547 1732 8,
576 1693 630 1726 14.

233 1740 288 1774 18.
314 1739 470 1781 ,,Ε3(1313
496 1743 552 1773 est
578 1740 769 1780 sententia,
797 1750 905 1783 quam
923 1744 1008 1773 ante
1026 1740 1136 1774 dixit:
1164 1739 1304 1773 Amans
1329 1739 1444 1774 iratus
1460 1741 1577 1774 multa
1593 1752 1693 1775 men-

136 1785 229 1820 titur
254 1786 323 1820 sibi
349 1785 474 1825 (Publ.
500 1786 537 1820 A
565 1787 644 1831 13J2‘
672 1786 858 1820 Erasmus.
886 1786 941 1821 Cf.
968 1786 1075 1821 Publ.
1103 1786 1130 1820 O
1158 1787 1201 1821 23
1229 1787 1345 1831 (108).

233 1834 288 1868 19.
314 1832 366 1867 Ut
391 1833 538 1868 citius
565 1844 609 1867 ex
634 1834 801 1874 tacite,
837 1834 934 1877 quod
959 1834 1157 1878 praecedit,
1190 1833 1316 1867 fictum
1342 1837 1407 1875 est,
1434 1835 1486 1868 ita
1512 1834 1695 1878 particula

139 1880 218 1913 sed
242 1880 403 1924 languet,
438 1881 490 1914 ita
522 1884 562 1914 ut
589 1881 736 1915 demum
768 1884 963 1924 postquam
987 1892 1074 1915 vera
1106 1881 1287 1924 scriptura
1321 1881 1533 1915 oblitterata
1567 1886 1622 1915 est
1648 1881 1696 1915 ad

137 1938 309 1961 numeros
327 1928 526 1971 explendos
545 1927 671 1961 addita
688 1927 865 1961 videatur.
909 1927 1036 1971 Neque
1054 1932 1138 1972 apte
1163 1928 1354 1962 inimice
1379 1929 1522 1962 irasci
1548 1929 1693 1969 dicitur,

136 1984 221 2007 cum
245 1974 419 2018 quicquid
444 1975 615 2008 irascitur
639 1977 719 2008 tum
744 1974 865 2018 ipsum
890 1975 1060 2009 inimicae
1084 1975 1216 2009 mentis
1243 1975 1301 2010 sit.
1352 1974 1434 2009 Iam
1458 1987 1545 2009 vero
1578 1976 1692 2020 pluri-

137 2020 205 2054 bus
232 2022 420 2055 sententiis
455 2021 524 2056 1100
559 2021 740 2065 expressit
766 2021 946 2055 Publilius
973 2033 1099 2056 omnes
1126 2022 1238 2055 animi
1271 2022 1436 2056 adfectus
1463 2034 1534 2063 eos,
1563 2023 1625 2066 qui
1650 2034 1695 2056 ex

137 2067 365 2112 malignitate
392 2069 586 2109 orirentur,
613 2079 695 2102 cum
720 2072 930 2102 tacerentur
956 2071 993 2103 et
1018 2069 1346 2110 dissimularentur,
1374 2081 1416 2104 30
1440 2070 1604 2113 peiorem
1620 2070 1696 2103 iim

138 2125 316 2150 exserere.
376 2114 430 2149 Cf.
469 2115 574 2149 Publ.
601 2115 636 2149 D
665 2116 685 2149 5
712 2116 827 2160 (127)
856 2115 889 2149 G
915 2116 935 2150 7
970 2115 1150 2159 (9001111
1176 2116 1196 2150 9
1223 2116 1334 2160 (317).
1368 2116 1408 2151 M
1434 2117 1479 2150 ί)7
1506 2117 1620 2160 (335).
1654 2116 1695 2151 M

138 2161 183 2196 33
211 2163 326 2206 (341).
352 2161 392 2195 M
419 2163 463 2197 39
490 2163 603 2207 (347).
628 2161 668 2196 M
694 2163 738 2197 60
765 2162 876 2206 (368).
903 2162 943 2196 M
969 2163 1011 2197 61
1038 2163 1152 2207 (369).
1181 2162 1214 2196 N
1241 2165 1283 2197 11
1311 2164 1424 2208 (387)
1452 2162 1486 2197 N
1509 2163 1694 2208 240100).

136 2207 167 2241 P
193 2209 359 2254 80157).
399 2208 431 2253 Q
459 2209 503 2244 10
530 2210 643 2254 (510).
706 2208 954 2252 Quamobrem
991 2221 1064 2243 non
1103 2213 1179 2243 tam
1219 2214 1343 2254 aptum
1382 2214 1436 2244 est
1473 2211 1624 2244 tacite
1659 2202 1695 2244 et

137 2255 331 2290 inimice
358 2257 504 2309 opponi
537 2267 652 2310 quam
683 2260 876 2300 utrumque
910 2256 962 2290 ita
993 2257 1089 2291 inter
1123 2268 1160 2290 se
1191 2257 1372 2301 componi,
1404 2260 1445 2291 ut
1482 2269 1552 2301 quo
1578 2257 1694 2302 magis

138 2305 268 2343 taceat,
297 2314 340 2337 eo
366 2304 467 2347 peius
494 2304 747 2356 inimic-iusque
773 2304 936 2347 cogitare
961 2304 1023 2337 im
1025 2303 1101 2337 idia
1126 2303 1279 2339 dicatur.
1318 2303 1434 2348 quue
1453 2304 1581 2338 induxi
1607 2304 1693 2338 scri-

137 2348 258 2383 hendo
285 2350 527 2394 comparativi
552 2350 708 2384 formam
734 2350 1019 2384 inimiciora.
1059 2361 1151 2394 quae
1177 2354 1297 2384 exstat
1323 2351 1421 2395 apud
1439 2350 1523 2386 Sen.
1551 2363 1606 2396 ep.
1626 2350 1693 2386 VI.

140 2396 163 2430 8
185 2397 267 2449 (60)
294 2399 324 2432 ’1.
360 2397 390 2431 Ο
416 2409 524 2441 quam
550 2398 697 2431 inimica
723 2397 828 2431 nobis
855 2401 939 2431 sunt
962 2386 1049 2431 vota
1074 2397 1302 2432 nostrorum.
1341 2409 1384 2432 eo
1422 2399 1569 2442 quidem
1602 2398 1693 2431 ini-

137 2443 348 2483 miciora,
377 2455 447 2487 quo
474 2455 616 2478 cessere
642 2444 795 2485 felicius,
823 2455 906 2478 cum
930 2445 1042 2479 verbo
1068 2445 1216 2479 irasci
1240 2445 1293 2479 ita
1318 2445 1618 2489 coniungendam,
1654 2448 1696 2478 ut

138 2490 184 2523 ab
210 2490 356 2524 homine
390 2491 515 2524 inwdo
552 2491 734 2525 inimicius
774 2492 936 2536 cogitata
975 2492 1275 2536 exprimerentur.
1338 2491 1394 2526 De
1425 2492 1537 2526 verbo
1572 2494 1695 2526 autem

139 2536 285 2571 irasci
311 2549 391 2572 cum
417 2539 622 2572 accusatixo
648 2538 792 2579 obiecti,
831 2549 939 2611 quem
963 2543 1106 2579 vocant,
1142 2539 1338 2573 coniuncto
1370 2539 1455 2573 vide
1484 2538 1694 2573 Forcellinii

138 2582 228 2618 Lex.
255 2595 288 2619 v.
316 2584 398 2620 coll.
425 2585 570 2629 Zumpt.
596 2584 720 2619 Gram.
746 2585 808 2620 lat..
895 2585 974 2620 383.
1013 2585 1173 2620 Tacita
1199 2597 1266 2630 pro
1297 2586 1444 2620 tacite
1477 2586 1625 2629 reposui
1650 2596 1695 2619 ex

138 2628 179 2665 F.
207 2629 262 2666 Cf.
290 2630 362 2667 Cic.
390 2632 467 2666 Cat.
493 2597 543 2665 I.p
552 2633 582 2672 7,
612 2633 666 2667 18.
695 2631 769 2666 Sua
794 2602 966 2666 Erasmus
990 2633 1042 2666 ita
1068 2633 1236 2677 exponit:
1267 2632 1438 2675 ,.Inudus
1465 2633 1574 2666 habet
1602 2633 1695 2666 iram

139 2688 252 2710 suam.
280 2678 344 2712 sed
370 2679 635 2713 dissimulatam
662 2682 697 2712 et
723 2679 952 2713 minutam
975 2679 1011 2713 h.
1039 2690 1069 2714 e.
1095 2681 1141 2714 de
1166 2691 1206 2714 re
1230 2659 1346 2715 nihili.

233 2711 289 2760 20.
317 2724 395 2766 ,.Ι1·3
421 2726 547 2760 statim
573 2726 738 2766 subsidit,
774 2726 898 2760 odium
924 2726 1138 2760 diuturnum
1165 2730 1229 2767 est,
1265 2727 1342 2761 odit
1369 2730 1501 2765 autem,
1530 2725 1693 2770 quisquis
