1967 3090
845 109 1167 152 —264—

322 225 378 259 30.
421 224 629 258 Praestabis
669 223 881 267 parentibus
917 224 1104 269 pietatem,
1145 225 1310 269 cognatis
1337 225 1612 269 indulgentiam,
1659 226 1786 261 amicis

228 272 346 311 fidem.
375 271 542 305 omnibus
569 271 801 313 aequitatem.

323 319 464 364 [amicis
492 318 615 363 fidem]
635 317 767 353 Hacf.
784 318 986 353 Woelfflin.
1003 318 1097 354 Phil.
1120 318 1230 353 VIII.
1257 331 1291 364 p.
1322 319 1397 355 185.
1425 319 1534 355 Prov.
1562 320 1617 356 43.
1645 321 1699 355 44.
1726 320 1785 357 Ri.

227 379 260 402 v.
287 367 350 400 43:
378 365 481 399 Patri
508 365 693 409 pietatem,
722 366 847 400 amicis
874 366 1076 410 praestabis
1104 365 1226 400 fidem.

321 414 377 448 31.
405 411 596 447 Devitabis
623 412 879 447 crudelitatem
907 416 943 448 et
969 414 1176 447 ministram
1202 414 1431 448 crudelitatis
1459 415 1561 450 iram.

322 459 432 493 Prov.
459 461 516 495 83.
544 459 602 495 Ri.
630 472 662 495 v,
689 460 751 494 83:
780 459 1018 494 Crudelitatis
1045 462 1163 494 mater
1189 461 1425 496 iracundiast..

321 508 378 542 3⁶2.
405 506 488 541 Non
514 507 612 541 vives
640 506 747 541 aliter
772 508 810 542 in
836 507 926 548 foro,
954 508 1060 541 aliter
1086 508 1123 541 in
1149 508 1358 543 solitudine.

321 553 404 588 Non
445 554 541 588 vives
584 554 691 588 aliter
735 555 772 588 in
799 554 994 589 solitudine
1039 555 1105 600 [et]
1146 555 1254 589 aliter
1295 556 1332 589 in
1376 555 1455 589 foro
1489 554 1559 590 Ha.
1602 555 1711 590 PrOV.
1754 556 1784 590 5.

230 600 440 636 Buecheler.
467 613 524 645 ap.
552 600 609 635 Ri.
636 613 668 635 v.
697 603 735 636 5:
762 601 847 635 Non
874 602 972 636 vivas
998 603 1035 636 in
1062 602 1258 636 solitudine
1285 603 1402 645 aliter,
1429 603 1536 637 aliter
1562 604 1599 636 in
1624 602 1714 637 foro.

323 649 378 684 33.
405 647 506 682 Nihil
532 652 635 692 petes
662 649 758 692 quod
785 652 983 693 negaturus
1010 649 1129 691 fuisti3
1173 650 1264 683 nihil
1290 650 1450 695 negabis,
1485 649 1581 694 quod
1607 650 1786 694 petiturus

225 695 335 729 fuisti.

324 742 425 777 Nihil
451 746 552 787 petas
580 742 652 779 Ha.
678 742 785 779 Prov.
813 744 844 779 ss.
873 744 903 778 7.
940 743 996 779 Ri.
1038 756 1069 779 v.
1110 745 1148 779 7:
1192 743 1268 778 Nec
1304 747 1405 789 petes
1434 744 1532 789 quod
1557 745 1597 778 tu
1623 743 1784 790 negabis,

226 790 291 824 nec
317 790 468 836 negabis
495 791 594 835 quod
620 793 735 835 petes.

320 838 376 873 34.
402 837 538 872 Pacem
564 850 645 872 cum
672 837 880 871 hominibus
906 837 1067 878 habebis,
1095 837 1232 872 bellum
1259 850 1341 873 curn
1368 839 1476 873 vitiis.

321 883 431 920 Prov.
456 885 512 920 45.
539 885 598 921 Ri.
625 897 656 920 v.
684 886 747 919 45:
776 884 910 918 Pacem
937 897 1018 918 cum
1045 885 1262 927 hominibus,
1291 886 1427 920 bellum
1453 898 1534 921 cum
1560 886 1658 920 vitiis
1680 885 1787 922 habe.

229 931 329 966 Sent.
356 931 450 966 falso
476 932 574 967 inter
598 931 706 967 Publ.
733 936 869 976 recept.
898 932 953 967 69.

321 979 377 1013 35.
404 979 487 1014 Hoc
513 980 624 1014 habet
650 979 767 1014 onmis
794 978 968 1020 adfectus,
995 982 1034 1013 ut
1061 980 1098 1013 in
1117 980 1215 1024 quod
1233 980 1309 1024 ipse
1328 981 1474 1022 insanit,
1503 981 1540 1014 in
1558 980 1656 1014 idem
1676 979 1785 1014 etiam

228 1028 368 1061 ceteros
395 1029 500 1071 putet
526 1026 658 1062 furere.

323 1074 376 1119 [in
402 1074 513 1127 idem]
540 1073 614 1108 Ha.
640 1073 779 1109 Concil.
806 1072 940 1109 Turon.
957 1075 1014 1126 ·(a.
1042 1074 1109 1109 567
1114 1076 1139 1118 .)
1166 1073 1218 1107 II.
1247 1086 1324 1110 can.
1354 1076 1414 1110 14:
1444 1076 1494 1109 sic
1521 1078 1560 1108 ut
1579 1075 1630 1108 ait
1648 1073 1787 1109 Seneca

225 1122 422 1164 pessimum
448 1122 486 1155 in
511 1133 552 1156 eo
578 1121 709 1155 vitium
734 1131 812 1155 esse
855 1120 917 1164 qui
954 1121 992 1154 in
1034 1121 1071 1154 id
1098 1132 1169 1165 quo
1196 1122 1332 1156 insanit
1359 1126 1498 1156 ceteros
1525 1123 1630 1166 putat
1655 1121 1785 1157 furere.

227 1167 283 1202 Cf.
309 1166 369 1202 Fr.
396 1168 528 1202 Haasii
555 1168 709 1212 praefat.
749 1167 805 1203 ad.
845 1166 927 1202 Sen.
967 1179 1026 1212 op.
1064 1168 1136 1202 vol.
1162 1167 1236 1204 III.
1325 1168 1409 1203 XX.
1437 1173 1473 1204 et
1502 1168 1702 1203 Woelfflin.
1729 1168 1785 1204 ad.

229 1214 389 1249 Pseudo·
395 1215 478 1250 Sen.
517 1216 562 1249 de
600 1226 691 1250 mor.
726 1214 1113 1250 32).Cf.Sent.fa1s0
1140 1215 1238 1250 inter
1263 1216 1368 1252 Publ.
1396 1220 1530 1261 recept.
1558 1216 1637 1251 299.
1665 1215 1785 1250 Plaut.

228 1260 326 1297 Men.
354 1261 399 1296 V.
488 1263 543 1298 90,
578 1262 651 1297 Hei
690 1261 790 1302 mihi
826 1262 986 1296 insanire
1024 1273 1081 1296 me
1108 1263 1218 1303 aiunt⁷
1259 1264 1357 1297 ultro
1385 1275 1466 1298 cum
1493 1264 1563 1308 ipsi
1589 1263 1787 1297 insaniunt.

226 1308 302 1344 Cic
329 1309 434 1343 Verr.
461 1309 530 1344 IV.
560 1309 612 1350 18,
640 1310 696 1345 39.
738 1321 851 1353 usque
877 1320 919 1343 00
947 1313 1149 1344 commotus
1177 1313 1243 1351 est.
1282 1314 1322 1344 ut
1358 1311 1433 1345 sine
1459 1311 1533 1345 ulla
1559 1310 1789 1345 dubitatione

226 1356 385 1390 insanire
412 1357 580 1391 omnibus
608 1368 649 1391 ac
676 1356 797 1390 furere
822 1356 1019 1392 videretur.

321 1404 378 1438 36.
402 1404 605 1438 Maximum
631 1404 669 1438 in
695 1415 737 1438 eo
764 1404 893 1438 vitium
919 1407 984 1445 est⁷
1012 1405 1073 1448 qui
1099 1416 1173 1438 non
1198 1405 1410 1439 melioribus
1436 1405 1516 1440 vult
1542 1405 1698 1450 placere,
1719 1404 1783 1440 sed

225 1450 403 1495 pluribus.

318 1497 637 1534 Pseudo-Se11.de
663 1509 754 1532 mor.
780 1498 801 1533 8
827 1497 1006 1533 Prov.12.
1035 1498 1136 1533 Sent.
1164 1499 1256 1534 falso
1282 1500 1379 1534 inter
1404 1499 1509 1534 Publ.
1537 1502 1673 1552 recept.
1703 1499 1780 1534 239.

288 1545 291 1546 ⁷
321 1546 376 1581 37.
405 1545 446 1580 Si
472 1546 525 1580 vis
553 1546 720 1579 omnibus
747 1557 826 1580 esse
852 1549 971 1587 notus,
999 1547 1099 1590 prius
1126 1546 1230 1581 effice
1256 1550 1297 1581 ut
1321 1547 1507 1581 neminem
1532 1547 1688 1582 noveris.

320 1592 387 1626 Vis
414 1605 445 1627 o
474 1605 504 1627 0
531 1592 663 1628 notus?
690 1592 761 1627 Ha.
787 1592 895 1627 Prov.
927 1573 1002 1627 14'1.
1030 1592 1130 1628 Sent.
1158 1594 1250 1629 falso
1277 1595 1374 1629 inter
1400 1594 1505 1630 Publ.
1533 1597 1672 1638 recept.
1699 1593 1779 1629 227.

225 1639 283 1673 Ri.
309 1651 342 1674 v.
371 1641 453 1675 131:
480 1641 659 1675 Omnibus
684 1640 739 1674 vis
767 1651 844 1674 esse
870 1640 1003 1675 notus?
1029 1642 1106 1685 ipse
1133 1642 1231 1675 noris
1258 1643 1451 1678 neminem.

320 1693 376 1727 38.
403 1693 546 1727 Bonum
572 1697 627 1728 est
651 1705 725 1726 non
749 1693 902 1734 laudari,
931 1694 996 1728 sed
1022 1705 1099 1728 esse
1125 1693 1358 1730 laudabilem.

319 1751 393 1774 non
418 1741 562 1775 laudari
587 1740 693 1782 v‚elle
733 1740 796 1775 sed
822 1741 1067 1784 praestantius
1095 1744 1149 1776 est
1175 1741 1397 1776 laudabilem
1424 1753 1511 1776 esse.
1552 1742 1614 1787 [al.
1641 1741 1785 1776 Bonum

225 1789 279 1820 est
304 1798 378 1821 non
404 1787 545 1822 laudari
571 1790 607 1822 et
633 1798 711 1821 esse
740 1787 990 1833 laudabilem}
1042 1787 1112 1822 Ha.
1140 1788 1259 1834 Lege:
1287 1788 1385 1822 nolle
1411 1789 1565 1824 laudari.
1593 1788 1701 1823 Prov.
1729 1788 1783 1824 65.

223 1832 283 1869 Ri
309 1846 342 1868 v.
370 1834 432 1869 65:
459 1834 577 1880 Quam
602 1836 776 1879 magnum
802 1838 856 1869 est
882 1847 954 1869 non
979 1835 1164 1870 laudariei
1189 1836 1425 1871 laudabilem!
1454 1835 1554 1872 Sent.
1569 1835 1663 1871 falso
1690 1836 1785 1871 inter

224 1879 332 1914 Publ.
357 1885 493 1926 recept.
520 1882 601 1917 089.

321 1934 376 1969 39.
404 1933 593 1969 Morieris:
622 1935 777 1969 stultum
803 1938 857 1969 est
884 1935 1024 1977 timere,
1051 1936 1150 1979 quod
1176 1937 1293 1970 vitare
1320 1947 1393 1970 11011
1418 1936 1547 1981 possis.

319 1986 786 2023 Prov.100.Ri.v.10‹›
815 1987 900 2022 Sen.
927 1987 971 2022 de
998 1989 1133 2024 remed.
1176 1989 1260 2025 fort.
1303 1988 1354 2024 II.
1383 1990 1413 2025 3.
1443 1989 1540 2023 Sent.
1569 1988 1661 2023 falso
1688 1989 1786 2024 inter

224 2032 330 2070 Publ.
358 2038 494 2079 recept.
521 2035 600 2070 302.

318 2081 375 2117 40.
414 2081 512 2116 Male
555 2083 600 2117 de
642 2085 678 2116 te
717 2082 915 2127 opinantur
947 2083 1123 2125 homines7
1152 2083 1217 2118 sed
1243 2084 1341 2119 mali.
1370 2083 1477 2118 Malis
1505 2083 1701 2127 displicere
1728 2086 1783 2118 est

224 2128 376 2164 laudari.

224 2222 263 2255 d
272 2221 307 2256 b
301 2176 425 2255 lmalis
451 2179 573 2211 autem
598 2176 671 2213 Ha.
697 2176 806 2212 Prov.
832 2178 889 2213 29.
914 2177 974 2214 Ri.
1000 2190 1032 2212 v.
1060 2178 1122 2213 29:
1158 2177 1266 2212 Malis
1293 2181 1329 2212 te
1357 2178 1549 2223 displicere
1576 2189 1683 2222 quam
1708 2177 1784 2211 lau-

250 2233 269 2256 a
298 2235 309 2256 1
327 2223 399 2257 est!

318 2271 375 2304 41.
401 2269 501 2304 Male
527 2270 571 2304 de
598 2273 633 2304 te
659 2271 859 2315 loquuntur
883 2272 1067 2308 homines:
1094 2272 1186 2307 bene
1213 2273 1311 2307 enim
1336 2272 1436 2316 loqui
1461 2272 1638 2307 nesciunt.
1681 2271 1784 2307 Faci-

224 2319 290 2350 unt
316 2328 388 2351 non
414 2317 511 2361 quod
536 2328 680 2352 mereor
706 2330 785 2363 ego,
814 2319 877 2353 sed
903 2320 1000 2363 quod
1026 2320 1146 2354 solent
1172 2320 1253 2364 ipsi.

318 2364 411 2399 bene
438 2367 558 2399 autem
584 2364 656 2401 Ha.
685 2366 770 2401 Sen.
798 2366 842 2401 de
869 2366 1004 2401 remed.
1032 2366 1117 2402 fort.
1145 2366 1236 2402 VII.
1263 2368 1295 2402 ¹2.

318 2417 375 2453 42.
401 2417 581 2452 Homines
608 2417 654 2451 de
680 2421 715 2452 te
741 2418 836 2453 male
862 2418 1076 2462 loquuntur:
1112 2419 1142 2452 si
1175 2419 1317 2459 merito,
1353 2418 1451 2462 quod
1483 2419 1679 2462 loquuntur
1711 2428 1785 2452 non

224 2463 419 2498 molestum
444 2467 508 2505 est,
545 2465 610 2499 sed
635 2465 734 2508 quod
765 2477 839 2500 non
872 2466 1115 2508 mentiuntur3
1145 2466 1205 2500 sin.
1234 2466 1425 2505 immerito⁷
1462 2465 1672 2500 innocentia
1704 2475 1785 2499 mea

226 2521 322 2544 nunc
348 2512 505 2546 maxime
530 2512 683 2556 gaudeo.
734 2512 902 2557 Apparet
930 2513 1027 2548 enim
1053 2513 1136 2547 illos
1164 2513 1369 2548 obiecturos
1396 2523 1491 2553 vera,
1521 2513 1550 2546 si
1576 2515 1734 2557 possent.

320 2564 349 2597 si
375 2565 518 2605 merito,
546 2575 620 2598 non
645 2576 679 2608 q.
706 2565 729 2599 l.
757 2566 954 2600 molestum
978 2565 1073 2601 Fuit.
1101 2565 1172 2601 Ha.
1201 2566 1231 2600 si
1257 2566 1442 2600 immerito
1469 2564 1541 2600 Ha.

318 2617 373 2651 43.
402 2616 485 2651 Non
517 2617 587 2652 eris
619 2617 657 2651 in
690 2618 828 2662 patria:
864 2619 985 2663 pat-ria
1011 2622 1066 2652 est
1093 2619 1298 2662 ubicunque
1325 2618 1416 2652 bene
1444 2621 1509 2652 est.
1546 2617 1646 2652 Illud
1672 2617 1778 2658 enim,

224 2673 292 2706 per
317 2664 414 2707 quod
441 2664 532 2698 bene
559 2667 624 2705 est,
652 2675 726 2699 non
751 2666 788 2698 in
814 2665 904 2707 loco,
934 2666 996 2700 sed
1023 2666 1061 2699 iu
1086 2665 1234 2700 homine
1261 2668 1325 2700 est.

319 2715 403 2750 Non
429 2728 466 2751 es
490 2717 562 2753 Ha.
592 2717 668 2761 „Cfi
694 2716 777 2753 Sen.
804 2717 849 2752 de
874 2718 1009 2753 remed.
1029 2718 1129 2754 Fort.
1150 2717 1261 2753 VIII.
1289 2719 1320 2753 2.
1340 2717 1414 2753 Cic.
1435 2717 1541 2753 Tusa.
1561 2717 1606 2751 V.
1627 2718 1683 2759 37,
1704 2716 1782 2752 108.
