1967 3090
775 157 829 160 —
891 133 974 175 ⁸203]
1039 157 1092 162 —

251 248 282 282 P
310 249 338 283 1.
381 248 544 291 „Probus
576 247 728 282 libertus
763 247 828 281 filii
854 248 1029 292 pietatem
1055 247 1203 281 videtur
1233 247 1442 280 assumsisse
1472 250 1603 280 natura
1629 257 1704 280 ces-

157 300 295 331 sante.“
336 295 417 331 Sen.
451 296 496 330 de
529 294 647 329 benef.
682 294 754 329 III.
789 296 843 335 22,
874 296 902 328 1.
937 295 988 328 sic
1014 305 1138 328 servus
1165 294 1228 327 ubi
1252 294 1507 327 benevolentia
1533 305 1620 337 erga
1645 293 1707 327 do-

157 343 295 377 minum
321 343 490 377 fortunae
516 353 600 375 suae
625 342 772 376 modum
797 342 942 375 transiit
968 344 1005 375 et
1029 341 1138 375 altius
1165 341 1304 384 aliquid
1331 352 1447 381 3115115,
1477 341 1575 384 quod
1597 342 1708 374 etiam

156 389 298 424 felicius
317 391 411 424 natis
437 390 562 424 decori
579 392 673 423 esset
691 392 729 423 et
754 400 855 433 spem
881 389 1018 422 domini
1043 389 1249 428 antecessit,
1283 387 1499 422 beneficium
1526 391 1579 421 est
1609 388 1707 421 intra

154 437 302 471 domum
328 438 527 471 inventum.

249 490 281 525 2.
310 489 465 523 Versum
490 501 535 524 ex
561 500 603 523 eo
630 488 794 522 adverbii
820 500 886 522 usu
912 489 1144 532 interpretor⁷
1173 500 1243 532 quo
1271 487 1381 522 addas
1406 488 1601 531 cogitando
1621 499 1705 522 oon-

153 537 318 580 trarium,
346 537 398 570 ita
422 541 463 571 ut
488 537 596 581 plena
622 537 737 570 oratio
764 536 828 569 sit:
863 534 1044 569 Prodesse
1069 536 1131 579 qui
1156 536 1234 570 vult
1259 546 1327 569 nec
1351 538 1483 578 potest,
1512 546 1623 578 aeque
1650 538 1706 569 est

155 585 275 619 miser.
312 587 419 628 atque
453 585 513 628 qui
545 587 667 628 potest
698 583 765 617 nec
797 583 885 617 vult.
945 581 1156 626 Disputavit
1188 583 1233 616 de
1260 586 1328 616 hoc
1355 582 1436 617 adv,
1463 594 1612 626 aeque
1638 595 1706 616 usu

154 631 322 665 Handius
348 631 452 667 Turs.
478 631 508 666 Ι.
535 643 568 675 p.
598 630 675 665 195.
703 629 782 664 Nisi
807 629 901 664 forte
928 630 1111 664 sententia
1137 631 1188 664 sic
1213 629 1411 675 cogitando
1439 629 1621 673 explenda
1640 633 1704 670 est,

154 682 196 712 ut
225 682 378 722 uterque
414 682 450 712 et
481 679 549 719 hic,
590 678 652 721 qui
677 677 848 721 prodesse
881 676 979 716 velit,
1013 680 1049 710 et
1074 677 1147 718 1116.
1187 677 1244 711 cui
1269 677 1359 711 velit
1385 677 1570 720 prodesse,
1597 677 1707 711 miser

154 725 341 760 habendus
376 726 433 759 sit.
485 725 534 759 Ut
570 725 695 758 velle
733 728 769 758 et
806 735 960 768 posse,
1004 725 1054 758 sic
1083 724 1208 758 nolle
1247 727 1283 758 et
1320 734 1407 757 non
1440 735 1576 768 posse
1610 724 1706 758 inter

153 783 193 806 se
219 776 453 817 opponuntur
479 772 524 806 cf.
551 771 655 805 Publ.
683 770 716 814 Q
741 772 785 806 ⁴29
811 772 924 816 (529).
959 770 1042 807 Sen.
1061 772 1105 805 de
1124 772 1166 805 ir.
1194 771 1244 807 ΙΙ.
1273 771 1328 811 27,
1361 773 1388 806 1.
1417 771 1598 814 quaedam
1624 775 1707 805 sunt

150 831 245 863 quae
271 831 402 854 nocere
428 831 514 853 non
546 822 744 863 possunt
768 819 977 862 nullamque
1010 819 1085 852 vim
1118 819 1189 852 nisi
1214 817 1417 852 beneficam
1443 823 1479 852 et
1509 819 1707 852 salutarem

152 867 309 908 habent,
351 871 392 901 ut
429 866 480 900 dii
517 867 751 906 immortales,
791 866 852 909 qui
886 877 954 899 nec
978 866 1146 900 volunt
1178 866 1305 900 obesse
1330 876 1397 899 nec
1426 870 1632 910 possunt.
1661 866 1705 900 de

154 914 270 948 benef.
301 913 367 949 VI.
398 915 450 955 ll,
477 914 509 948 4.

247 967 280 1000 4.
307 966 390 1000 Non
415 969 537 1010 potest
555 987 599 991 —
616 970 742 1010 potest
777 966 821 1000 cf.
858 965 963 1000 Publ.
998 966 1035 1000 A
1064 966 1115 1001 18.
1151 966 1300 1008 „Pudor
1324 966 1463 1000 homini
1488 970 1619 999 natura
1652 966 1705 999 in-

147 1014 240 1047 situs
267 1017 339 1047 est:
367 1014 428 1057 qui
452 1014 514 1047 ubi
540 1014 732 1053 interierit,
761 1014 926 1047 docendo
953 1025 1027 1047 non
1053 1018 1174 1058 potest
1200 1014 1396 1058 reparari.'·‘

248 1074 278 1108 5.
318 1072 402 1106 Non
439 1084 528 1117 opus
562 1073 708 1106 videtur
740 1073 1006 1107 emendatione.
1065 1072 1209 1107 Miser
1246 1073 1342 1107 enim
1377 1084 1459 1106 curn
1493 1073 1522 1106 is
1556 1072 1704 1116 proprie

150 1120 339 1160 videatur,
375 1121 436 1164 qui
467 1120 575 1154 rebus
602 1120 751 1154 afflictis
771 1121 842 1154 suis
868 1120 1057 1154 hominum
1090 1120 1381 1154 misericordiam
1414 1124 1545 1160 movet,
1579 1119 1705 1153 multis

152 1168 270 1201 causis
304 1167 383 1202 fieri
416 1172 538 1212 potest
572 1171 612 1201 ut
646 1168 683 1200 in
715 1168 898 1201 miseriam
931 1168 1112 1208 inciderit,
1149 1169 1225 1202 sive
1250 1168 1341 1201 vivit
1366 1168 1470 1213 gravi
1494 1167 1704 1201 valetudine

151 1215 394 1256 conflictatus,
435 1216 509 1249 sive
536 1215 607 1249 suis
643 1215 809 1248 omnibus
835 1215 1033 1258 amicisque
1058 1215 1237 1258 privatus,
1265 1215 1339 1249 sive
1365 1215 1476 1254 exsul,
1504 1215 1579 1248 sive
1606 1215 1703 1248 vitae

152 1262 329 1295 fructibus
367 1262 598 1295 inimicorum
632 1262 716 1295 dolo
750 1265 785 1295 et
825 1262 966 1295 malitia
1000 1262 1201 1296 fraudatus.
1258 1262 1376 1296 Huius
1411 1262 1525 1306 igitur
1556 1262 1703 1295 miseria

151 1309 183 1342 si
217 1309 326 1343 etiam
361 1321 403 1343 eo
431 1314 661 1354 aggravetur,
689 1309 785 1352 quod
811 1309 908 1342 sine
933 1320 980 1342 re
1005 1310 1027 1344 i.
1055 1321 1082 1343 e.
1110 1309 1219 1343 rebus
1245 1309 1291 1342 ad
1316 1310 1510 1343 vivendum
1538 1320 1702 1343 necessa-

150 1356 216 1390 riis
242 1356 418 1400 spoliatus
445 1368 621 1390 summani
656 1360 858 1400 egestatem
883 1358 1132 1400 perpetiatur:
1172 1357 1277 1390 huius
1312 1357 1435 1390 miseri
1462 1357 1577 1389 vitam
1605 1357 1702 1390 omni

150 1403 332 1447 supplicio
366 1404 570 1449 graviorem
596 1414 672 1437 esse
697 1404 847 1447 quisque
875 1404 983 1437 facile
1010 1404 1194 1438 concedet.
1235 1403 1288 1438 Cf.
1316 1403 1420 1438 Publ.
1457 1403 1490 1437 N
1517 1404 1561 1438 25
1587 1404 1701 1449 (401).

245 1464 276 1498 6.
315 1463 474 1497 Secundi
498 1463 602 1506 pedis
628 1468 855 1507 anapaestus,
892 1463 922 1497 si
948 1463 1003 1496 fas
1030 1466 1085 1496 est
1112 1463 1242 1502 dicere,
1280 1463 1553 1497 excusationem
1580 1463 1701 1502 habet,

149 1510 246 1554 quod
273 1510 416 1543 vocales
441 1510 453 1543 i
479 1519 514 1544 et
541 1522 563 1543 u
589 1511 890 1554 pronuntiatione
908 1511 959 1543 ita
981 1510 1239 1550 densabantur,
1266 1514 1306 1543 ut
1333 1511 1405 1543 iam
1424 1511 1704 1544 consonantium

149 1558 264 1591 instar
298 1569 376 1591 esse
406 1557 628 1591 viderentur.
680 1557 808 1600 Itaque
843 1557 1020 1591 eiusmodi
1057 1564 1254 1601 anapaesto
1283 1558 1351 1591 etsi
1375 1558 1414 1590 in
1439 1557 1507 1590 hoc
1534 1569 1703 1591 versuum

149 1615 283 1649 genere
317 1604 453 1638 licebat
486 1605 549 1645 uti,
586 1609 708 1638 tamen
743 1605 771 1638 si
809 1608 927 1638 totum
961 1608 1103 1648 spectas
1137 1616 1220 1638 raro
1253 1605 1461 1638 utebantur.
1513 1603 1701 1638 Phaedrus

149 1652 306 1695 quidem,
333 1652 450 1695 quiin
469 1652 620 1685 senariis
641 1652 899 1696 componendis
928 1658 1045 1685 artem
1071 1651 1221 1685 Publilii
1246 1652 1402 1685 similem
1430 1652 1602 1695 sequitur
1632 1653 1701 1685 nisi

147 1699 269 1732 fallor.
308 1710 440 1733 novem
471 1703 616 1733 tantum
649 1699 737 1732 locis
749 1706 968 1769 )anapaesto
995 1711 1078 1732 usus
1115 1703 1169 1732 est-
1203 1699 1277 1733 his:
1318 1699 1345 1734 Ι.
1374 1699 1404 1732 5.
1434 1700 1488 1734 111.
1530 1698 1580 1734 ΙΙ.
1607 1700 1640 1739 4,
1669 1703 1699 1734 9.

151 1746 302 1787 5,.18,
335 1748 361 1781 1.
396 1745 469 1781 ΙΙΙ.
502 1747 612 1785 19.5.
646 1745 714 1781 IV.
802 1745 1341 1786 7.5,8.1o.10.V.5.17.
1382 1746 1699 1790 quilociomnes

144 1805 193 1827 ex
219 1805 259 1827 ea
284 1805 402 1834 causa,
437 1805 545 1837 quam
570 1794 656 1833 dixi
692 1773 910 1837 expediendi
946 1798 1030 1827 sunt
1063 1797 1210 1837 praeter
1243 1806 1355 1827 unum
1386 1793 1437 1828 ΙΙ.
1465 1793 1631 1833 8,1.1n
1657 1805 1698 1827 eo

147 1844 271 1874 autem
297 1852 379 1874 cum
404 1841 566 1885 legatur:
603 1841 778 1875 Cervus
817 1842 1080 1874 nemorosis
1119 1841 1347 1874 excitatis
1384 1841 1611 1874 latibulis
1639 1849 1698 1875 aut

146 1888 269 1922 verbis
287 1889 517 1932 transpositis
547 1888 824 1930 „nemorosis
852 1899 1013 1922 cervus
1040 1889 1266 1922 excitatis
1293 1888 1510 1922 latibulis
1538 1889 1698 1922 scriben-

148 1935 234 1968 dum
269 1939 331 1969 aut
355 1935 472 1969 nem⁷
500 1936 620 1970 rosis
647 1935 959 1988 pronuntiandum
985 1940 1048 1969 est.
1077 1936 1188 1980 Apud
1214 1935 1415 1969 Publilium
1441 1938 1581 1979 septem
1610 1937 1698 1969 locis

147 1983 299 2016 secundi
336 1983 442 2026 pedis
475 1988 692 2027 anapaestus
718 1983 904 2016 invenitur
940 1982 971 2016 B
1005 1983 1027 2016 4
1053 1983 1214 2028 (4710
1241 1984 1284 2017 27
1311 1984 1422 2027 (112).
1461 1981 1490 2015 F
1515 1983 1558 2017 21
1586 1983 1698 2027 118641.

148 2028 169 2062 Ι
203 2030 222 2064 6
256 2030 371 2074 (235).
410 2029 440 2063 P
477 2030 523 2064 44
559 2030 673 2072 (4911
714 2029 949 2074 3“)41607).
994 2028 1019 2063 S
1054 2030 1097 2064 :37
1131 2030 1254 2075 1620);
1297 2042 1382 2064 113111
1413 2042 1432 2063 3
1459 2030 1609 2073 reliquis
1637 2042 1700 2064 sex

144 2077 403 2110 emendatione
429 2071 665 2120 expellendus
693 2080 749 2110 est
781 2076 826 2111 cf.
854 2076 884 2110 B
911 2078 955 2112 29
982 2077 1072 2122 (72).
1111 2077 1143 2110 L
1170 2078 1189 2112 6
1218 2078 1302 2114 129ῖ
1315 2083 1334 2113 l.
1373 2076 1412 2110 M
1443 2078 1482 2111 19
1508 2078 1619 2121 (⁸327).
1660 2077 1701 2111 M

148 2123 193 2157 24
227 2124 340 2167 (33)).
379 2123 409 2157 P
445 2124 489 2158 49
523 2124 638 2168 (418).
681 2123 705 2157 S
740 2124 784 2158 21)
818 2124 928 2167 1603).
980 2123 1062 2158 Hoc
1100 2125 1178 2157 vult
1218 2115 1399 2158 sententia
1440 2124 1579 2168 pudore
1619 2137 1700 2159 eum

148 2175 264 2204 semet
301 2171 420 2214 ipsum
452 2172 606 2215 privare,
647 2171 708 2214 qui
741 2171 853 2204 alium
887 2172 967 2215 prix
971 2175 1015 2205 et.
1067 2171 1133 2205 Est
1168 2172 1264 2206 enim
1296 2172 1497 2215 perdere
1523 2172 1614 2206 vitio
1640 2173 1699 2205 vel

149 2218 257 2261 culpa
275 2229 338 2251 sua
357 2219 593 2257 committere,
622 2223 661 2251 ut
679 2219 753 2262 aliq
756 2229 800 2251 ua
819 2230 876 2252 res
894 2219 1068 2253 intereat:
1096 2230 1166 2262 quo
1185 2219 1331 2252 differre
1357 2230 1387 2254 a.
1409 2231 1441 2254 1.
1469 2219 1581 2252 311111
1594 2225 1609 2253 1
1621 2231 1667 2253 er
1680 2231 1698 2253 e

147 2276 220 2298 non
258 2268 313 2298 est
353 2265 450 2309 quod
486 2277 653 2300 moneam
686 2265 740 2300 Cf.
770 2264 893 2309 Quint.
928 2265 994 2299 XL
1026 2267 1053 2305 1,
1081 2266 1137 2300 91.
1222 2266 1277 2300 46.
1306 2269 1337 2300 ¹5.
1365 2269 1395 2301 2.
1423 2267 1478 2301 52.
1509 2266 1585 2301 184.
1634 2266 1699 2301 ])6

144 2313 329 2346 sententia
362 2312 519 2346 sufficiat
552 2312 681 2347 afferre
714 2311 796 2348 Sen
832 2312 876 2346 de
901 2313 964 2348 xit.
1000 2313 1094 2347 beat.
1122 2313 1264 2348 XXVI.
1299 2316 1329 2348 6.
1363 2325 1432 2356 quo
1467 2314 1546 2347 loco
1572 2314 1695 2358 poetis

143 2359 354 2403 exprobrat,
388 2360 485 2403 quod
509 2359 635 2394 Iovem
661 2360 785 2394 multis
812 2360 909 2393 vitiis
935 2364 1126 2394 onerat-um
1152 2361 1403 2404 depinxerint:
1443 2361 1572 2404 quibus
1598 2362 1698 2395 nihil

143 2407 245 2440 aliud
271 2410 391 2440 actum
418 2412 482 2447 est,
522 2408 648 2451 inquit.
689 2404 796 2450 quam
822 2412 859 2440 ut
895 2408 1013 2451 pudor
1040 2408 1247 2442 hominibus
1274 2409 1451 2452 peccandi
1478 2408 1696 2449 demeretur,

145 2454 178 2487 si
203 2454 294 2488 tales
320 2454 406 2488 deos
434 2455 688 2489 credidissent.

242 2507 273 2540 7.
312 2506 367 2540 De
402 2508 582 2541 sententia
607 2508 690 2541 vide
716 2506 821 2542 Publ.
849 2506 875 2540 C
907 2508 950 2542 12
977 2508 1064 2546 (96).
1091 2507 1125 2541 D
1153 2509 1196 2542 23
1223 2508 1339 2553 (145).
1379 2507 1537 2542 Pseudo·
1542 2508 1625 2543 Sen.
1653 2509 1697 2542 de

146 2553 281 2589 remed.
307 2554 392 2588 fort.
419 2554 487 2588 IX.
516 2554 680 2595 (Fragm.
707 2554 762 2589 ed.
789 2554 848 2588 Fr.
876 2549 1007 2588 Haasii
1030 2555 1101 2590 iol.
1128 2555 1200 2589 ΙΙΙ.
1227 2567 1262 2599 p.
1290 2556 1405 2598 451.):
1431 2555 1548 2597 ‚.Dura
1566 2567 1679 2590 reses
1666 2563 1697 2589 t

142 2600 261 2635 dolor.
288 2600 406 2634 Immo
432 2605 473 2634 tu
497 2600 654 2635 11101115·

241 2654 273 2688 8.
312 2653 403 2687 Cum
436 2659 472 2688 et
497 2654 642 2688 multo
678 2655 810 2698 frigeat
837 2658 872 2689 et
900 2656 959 2698 qui
986 2667 1068 2689 cum
1092 2660 1212 2689 muto
1242 2660 1476 2700 comparatur
1502 2656 1607 2691 dolor
1632 2668 1698 2700 per

143 2711 184 2733 56
216 2701 471 2746 intellegatur:
510 2713 577 2745 pro
610 2702 755 2736 multa
795 2703 923 2746 scripsi
957 2703 1116 2743 inulti,
1152 2704 1288 2746 quippe
1323 2704 1384 2746 qui
1423 2715 1504 2737 cum
1542 2716 1615 2737 non
1649 2705 1697 2737 sit

145 2747 242 2781 ultus
269 2748 470 2782 ulciscendi
495 2750 695 2792 cupiditate
721 2749 861 2794 flagret.
913 2750 1018 2784 Unde
1044 2750 1135 2784 haec
1161 2750 1341 2784 sententia
1361 2751 1524 2786 exsistit:
1553 2750 1622 2794 Qui
1639 2751 1694 2784 in·

1443 2811 1484 2845 14
