1967 3090
849 113 898 118 —-
970 89 1173 133 178—

330 208 384 240 32.
413 205 657 250 Imperativus
676 205 823 248 quidem
850 205 985 240 crede
1011 205 1132 239 locum
1151 204 1316 239 obtinere
1341 215 1414 239 non
1432 204 1550 245 debet,
1578 204 1674 248 quod
1691 204 1795 239 nullo

234 253 454 298 imperativo
492 252 672 287 Publilius
708 264 793 286 usus
820 256 885 294 est,
925 253 996 287 nisi
1030 263 1142 286 cave
1176 252 1222 288 cf.
1261 251 1369 287 Publ.
1407 251 1436 285 C
1462 252 1506 287 26
1534 252 1646 297 (111).
1686 251 1714 286 C
1748 252 1794 287 35

234 302 347 347 (120).
388 299 427 335 Μ
454 300 509 335 71.
545 303 581 334 et
605 299 704 334 noli
736 300 782 334 cf.
809 299 843 334 D
870 301 889 335 ἴ)
916 300 1031 345 (127).
1059 298 1093 334 N
1119 300 1164 334 48
1192 300 1304 344 (4⁴24).
1343 298 1495 333 Praeter
1519 299 1586 333 hos
1612 299 1701 333 duos
1727 299 1794 333 im-

234 348 418 394 perativus
458 347 669 381 offendebat
705 348 838 382 tertius
877 359 898 382 a
923 347 1082 382 Publilio
1109 347 1250 381 alienus
1275 346 1397 387 vide,
1434 358 1542 390 quem
1567 357 1633 391 pro
1660 346 1795 381 stude

237 408 430 441 perperam
457 395 595 439 scripto
621 395 767 439 reposui
794 407 865 429 uno
891 407 1011 435 versu,
1047 394 1108 438 qui
1134 394 1251 428 tribus
1284 393 1374 428 locis
1400 393 1594 434 invenitur,
1622 393 1659 427 in
1684 393 1796 430 Prov.

238 445 302 480 12..
330 444 367 477 111
393 441 645 478 Pseudo-Sen.
671 443 717 476 de
742 454 833 477 mor.
860 455 893 478 V.
921 444 964 483 8..
992 443 1029 476 in
1055 441 1257 476 Sententiis
1284 441 1377 475 salso
1403 441 1501 475 inter
1525 440 1631 476 Publ.
1657 444 1792 485 recept.

234 504 267 527 v.
294 491 373 525 239.
426 489 509 524 Non
542 490 715 524 convenit
740 491 900 524 numeris
927 490 1112 529 credas,
1146 501 1218 523 non
1243 488 1395 522 Publilii
1422 488 1585 529 dictioni,
1613 500 1695 522 cum
1720 500 1792 523 uno

233 540 314 574 loco
333 550 376 572 ea
393 548 550 582 persona
568 549 651 571 usus
678 537 736 578 sit,
764 538 918 572 credo.
945 536 991 571 cf.
1019 536 1125 571 Publ.
1152 537 1186 571 R
1204 537 1224 571 9
1250 536 1366 581 (577).
1392 535 1523 580 Itaque
1549 535 1626 570 des
1653 535 1796 580 scripsi,

236 586 283 620 ad
314 586 412 630 quod
444 596 487 618 ex
513 585 569 625 iis,
603 596 695 628 quae
723 588 932 628 sequuntur,
967 584 1160 629 intellegas
1194 584 1358 619 locum.
1408 583 1579 618 Locum
1612 583 1724 617 dare
1749 583 1797 616 si-

236 633 388 678 gnificat
414 632 627 667 facultatem
653 632 710 666 vel
736 633 881 676 copiam
913 632 1035 666 facere
1068 631 1114 666 cf.
1147 631 1221 667 Cic.
1254 630 1358 666 Fam.
1391 629 1465 664 III.
1492 631 1512 666 6
1539 632 1630 666 extr.
1664 630 1709 664 de
1733 632 1797 664 tuo

238 682 277 716 in
307 692 366 715 me
393 680 513 714 animo
540 680 672 723 iniquis
711 691 814 714 secus
852 679 1084 714 existimandi
1110 679 1247 713 videris
1280 678 1447 712 nonnihil
1472 678 1568 712 loci
1602 677 1797 712 dedisse.

234 728 280 763 de
297 731 373 764 nat.
392 728 492 763 deor.
511 726 584 763 III.
613 727 646 762 8.
672 738 740 762 nec
765 728 842 761 des
867 727 1115 771 respondendi
1141 727 1303 761 locum.
1329 737 1397 770 pro
1423 724 1521 760 Cael.
1549 725 1580 760 3.
1599 736 1684 759 nam
1702 725 1799 768 quod

235 779 335 810 aetas
373 774 423 811 M.
458 775 573 809 Caelii
604 775 713 809 dare
746 775 867 819 potuit
892 775 952 808 isti
986 774 1182 818 suspicioni
1221 773 1383 808 locum.
1418 784 1485 817 pro
1518 772 1624 808 Balb.
1659 773 1680 808 6
1706 774 1798 807 extr.

238 824 341 858 cuius
367 823 480 867 igitur
506 823 631 856 audita
657 822 772 856 virtus
799 821 1023 857 dubitationi
1050 822 1196 856 locum
1222 832 1296 855 non
1322 821 1468 856 daret.
1496 820 1540 854 de
1567 823 1659 855 orat.
1685 819 1715 856 I.
1740 820 1799 863 26,

241 871 319 906 118.
347 870 377 904 31
402 870 492 904 haec
519 869 628 903 turba
655 872 690 903 et
715 869 888 903 barbaria
914 869 1069 904 forensis
1096 869 1177 903 dat
1202 869 1352 902 locum
1378 868 1436 902 vel
1454 867 1700 902 vitiosissimis
1719 878 1799 901 ora-

234 918 388 953 toribus.
439 916 557 962 9113111
588 916 785 951 verborum
818 920 1041 951 structuram
1074 928 1157 950 cum
1191 916 1334 950 librarii
1364 927 1439 950 non
1472 915 1630 950 assecuti
1665 918 1798 956 essent,

235 965 372 1000 factum
398 968 463 1006 est,
490 968 530 999 ut
554 964 758 999 sententiae
785 976 894 998 causa
928 975 995 1008 pro
1021 964 1098 998 des
1125 963 1329 998 scriberent
1354 963 1499 997 crede.
1550 962 1625 997 Ita
1650 963 1673 996 i.
1699 973 1729 997 e.
1757 973 1800 996 63

237 1012 461 1053 condicione.
501 1023 572 1056 qua
605 1011 634 1045 si
669 1012 756 1055 quid
782 1014 955 1046 caveatur
980 1023 1025 1045 ne
1051 1011 1125 1052 fiat,
1159 1014 1222 1045 aut
1254 1023 1308 1045 ne
1333 1014 1397 1045 aut
1421 1014 1471 1044 ut
1496 1021 1549 1044 ne
1576 1010 1675 1053 sequi
1701 1009 1799 1045 licet.

236 1060 291 1095 Cf.
319 1060 393 1095 Cic.
421 1060 479 1095 off.
506 1059 557 1093 Π.
586 1060 640 1099 21,
676 1059 732 1094 72.
766 1059 830 1093 sed
864 1059 917 1092 ita
949 1062 990 1092 ut
1016 1070 1059 1093 ea
1084 1070 1141 1093 res
1175 1062 1237 1092 aut
1262 1059 1381 1102 prosit
1407 1061 1470 1092 aut
1496 1061 1596 1092 certe
1621 1069 1675 1092 ne
1701 1057 1799 1091 obsit

236 1107 472 1152 reipublicae.
524 1107 605 1141 Cat.
639 1105 670 1142 I.
697 1106 728 1147 2,
757 1106 788 1142 6.
823 1106 922 1140 vives
955 1107 1017 1147 ita,
1054 1110 1094 1139 ut
1119 1117 1214 1139 1111116
1240 1106 1331 1139 vivis
1357 1105 1481 1139 multis
1506 1106 1597 1139 meis
1624 1108 1660 1139 et
1684 1104 1800 1139 firmis

237 1155 432 1200 praesidiis
459 1154 638 1195 obsessus,
666 1165 720 1187 ne
746 1165 975 1188 commovere
1000 1157 1037 1187 te
1064 1156 1195 1187 contra
1220 1153 1487 1197 rempublicam
1513 1152 1640 1197 possis,
1679 1151 1802 1196 Quare

236 1204 332 1237 haec
358 1214 484 1237 versus
512 1202 694 1236 sententia
720 1204 794 1236 est:
840 1201 921 1243 „Ita
955 1201 1075 1235 locum
1109 1201 1226 1234 amico
1260 1200 1450 1241 concedas,
1490 1211 1536 1234 116
1570 1211 1677 1243 quem
1702 1199 1801 1234 idem

237 1251 300 1284 ille
328 1250 496 1284 inimicus
531 1249 647 1283 factus
682 1249 839 1283 nocendi
874 1248 995 1282 locum
1022 1248 1207 1282 obtineat“
1248 1248 1295 1283 cf.
1331 1247 1465 1283 Bremi.
1502 1247 1548 1281 ad
1580 1246 1680 1282 Com.
1707 1246 1800 1291 Nep.

236 1298 337 1333 Han.
368 1298 395 1338 1,
424 1298 456 1332 2.
506 1296 563 1331 De
598 1308 668 1340 qua
704 1296 885 1330 sententia
919 1296 963 1331 cf.
996 1295 1102 1331 Publ.
1137 1295 1157 1329 I
1187 1296 1227 1331 16
1256 1296 1369 1341 (245).
1409 1294 1514 1330 Caec.
1548 1294 1654 1329 Balb.
1682 1306 1717 1339 p.
1743 1294 1801 1329 41.

237 1345 321 1381 Par.
349 1345 405 1379 46.
434 1344 555 1389 (Sent.
585 1345 668 1388 101)
694 1343 776 1378 coll.
804 1342 906 1379 Sent.
934 1344 1027 1377 falso
1053 1343 1152 1378 inter
1177 1342 1284 1378 Publ.
1311 1346 1449 1387 recept.
1479 1342 1557 1378 165.

334 1392 390 1428 33.
431 1392 554 1426 Verba
586 1394 685 1426 recte
710 1391 882 1425 videntur
913 1391 1110 1434 collocata3
1148 1390 1306 1425 refertur
1332 1390 1429 1424 enim
1454 1389 1636 1434 particula
1661 1389 1802 1423 etiam

238 1451 312 1474 non
339 1439 384 1474 ad
411 1439 681 1480 consilium,
722 1439 786 1473 sed
830 1439 876 1472 ad
903 1438 1092 1473 facinus
1131 1442 1241 1482 atque
1278 1437 1534 1480 „affirmationi
1566 1437 1729 1477 inservit,
1764 1436 1802 1470 in

240 1499 312 1532 qua
343 1487 522 1521 vocabulo
559 1487 700 1521 etiam
736 1486 955 1530 exprimitur
989 1498 1065 1520 rem
1093 1497 1200 1520 vere
1226 1485 1306 1520 fieri
1331 1485 1390 1519 vel
1416 1497 1524 1520 Vere
1548 1484 1684 1519 factam
1709 1495 1802 1524 esse,

239 1535 302 1569 ubi
333 1546 399 1569 nos
425 1534 649 1569 wirklich
681 1534 857 1568 dicimus“
897 1533 1021 1569 Hand.
1057 1533 1212 1568 Tursell.
1240 1545 1273 1567 v.
1300 1533 1372 1567 vol.
1410 1532 1461 1566 II.
1488 1544 1523 1577 p.
1556 1532 1634 1567 568.
1671 1532 1704 1566 4.
1740 1531 1802 1575 qui

238 1594 315 1617 rem
342 1582 509 1626 exemplo
536 1582 737 1616 illustravit
754 1581 868 1625 Verg.
894 1581 988 1617 Aen.
1016 1581 1084 1617 IV.
1113 1581 1191 1617 395.
1220 1580 1451 1615 dissimulare
1477 1579 1620 1614 etiam
1646 1579 1803 1624 sperasti

239 1631 262 1665 i.
289 1642 319 1664 e.
346 1630 431 1664 hast
457 1630 505 1663 du
530 1629 699 1663 wirklich
724 1629 876 1674 gehofft.
917 1628 1038 1673 Quare
1062 1629 1133 1663 hoc
1166 1628 1234 1662 sibi
1260 1628 1339 1662 vult
1365 1627 1548 1662 sententia
1572 1627 1679 1668 irato,
1705 1626 1804 1670 quod

240 1678 286 1712 ab
312 1677 469 1712 inimicis
502 1677 708 1711 consultum
745 1677 800 1717 sit,
840 1676 879 1710 id
904 1688 978 1710 non
1005 1676 1213 1710 consultum
1237 1675 1359 1716 modo,
1387 1675 1452 1710 sed
1477 1675 1596 1719 ipsum
1622 1674 1696 1708 iam
1721 1685 1800 1708 esse

239 1725 378 1759 factum
403 1724 532 1759 videri.
584 1724 718 1758 Parum
745 1727 846 1758 recte
870 1723 1068 1758 Erasmus:
1099 1723 1192 1767 „Qui
1218 1723 1397 1763 irascitur,
1426 1723 1538 1756 etiam
1564 1722 1680 1756 scelus
1699 1724 1806 1766 putat

240 1773 376 1806 iudicio
403 1775 575 1815 recteque
601 1772 712 1807 fieri.“
767 1771 819 1806 Cf.
860 1770 945 1806 Sen.
979 1771 1025 1805 de
1050 1771 1092 1805 ir.
1126 1770 1157 1805 I.
1185 1771 1216 1811 3,
1247 1772 1278 1806 ’1.
1305 1770 1507 1811 irascimur,
1535 1769 1664 1813 inquit,
1693 1779 1804 1813 saepe

239 1832 313 1855 non
339 1820 423 1860 illis,
451 1820 512 1863 qui
538 1819 734 1860 laeserunt,
763 1819 825 1852 sed
850 1819 905 1859 iis,
932 1819 1065 1853 laesuri
1093 1821 1187 1853 sunt.

337 1867 393 1903 34.
431 1866 543 1901 Hunc
568 1878 713 1900 versum
738 1870 779 1900 ut
803 1869 903 1900 recte
930 1866 1097 1900 exhibuit
1122 1865 1171 1902 Η,
1212 1865 1264 1899 ita
1289 1867 1388 1898 recte
1414 1864 1580 1908 reposuit
1604 1862 1804 1897 Nauckius.

241 1914 319 1949 Nec
352 1918 475 1949 tamen
508 1915 545 1948 in
572 1926 613 1948 eo
640 1914 919 1958 interpretando
945 1914 1092 1948 videtur
1118 1912 1352 1953 satisfecisse,
1388 1912 1485 1956 quod
1509 1911 1622 1945 verba
1639 1910 1805 1946 videre

242 1965 279 1997 et
305 1962 493 1996 subesse
520 1962 571 1996 ita
596 1961 665 1995 sibi
690 1961 914 2006 respondere
939 1964 1056 2005 putat,
1081 1960 1203 1995 utillo
1221 1960 1259 1994 id
1278 1959 1375 2004 quod
1393 1960 1430 1993 in
1449 1970 1588 1993 summo
1608 1960 1805 2002 spectetur,

242 2011 311 2044 hoc
349 2010 386 2044 id
425 2009 521 2053 quod
561 2009 627 2043 sub
660 2010 732 2043 imo
772 2009 972 2049 occulatur,
1012 2008 1247 2053 significetur.
1306 2007 1368 2042 Ad
1400 2018 1509 2051 quam
1546 2005 1805 2040 illustrandam

242 2057 585 2102 interpretationem
624 2057 748 2090 attulit
785 2056 980 2090 Menandri
1022 2056 1134 2090 verba
1172 2055 1238 2089 illa
1275 2054 1376 2089 Com.
1416 2055 1448 2089 4.
1483 2066 1519 2098 p.
1560 2053 1657 2088 157.:
1701 2048 1806 2088 οὗτος

242 2106 413 2150 μακάριος
438 2105 476 2137 ἐν
494 2103 607 2149 ἀγορᾷ
633 2106 834 2147 νομίζεται·
861 2104 952 2137 ὅταν
979 2101 1008 2136 δ’
1036 2103 1178 2146 ἀνοίξῃς
1203 2102 1269 2145 τὴν
1296 2103 1430 2148 θύραν,
1455 2105 1528 2148 τρὶς
1545 2098 1684 2136 ἄθλιος.
1711 2099 1804 2134 Mihi

243 2152 400 2196 quidem,
426 2155 467 2185 ut
491 2151 638 2192 Bothio,
674 2152 825 2185 verbum
853 2151 1044 2185 subesse
1071 2150 1276 2196 significare
1301 2150 1447 2184 videtur
1471 2160 1545 2183 non
1570 2149 1737 2188 latere⁷
1764 2150 1806 2182 ut

243 2200 340 2244 apud
369 2199 495 2244 Quint.
528 2199 602 2235 III.
630 2201 660 2240 5,
690 2200 733 2241 9.,
769 2199 833 2233 sed
866 2210 934 2244 pro
968 2198 1206 2233 fundamento
1240 2197 1297 2232 vel
1323 2208 1433 2231 causa
1459 2196 1689 2241 suppositum
1715 2206 1804 2237 esse,

243 2259 309 2281 nos
336 2247 491 2281 dicimus
517 2247 774 2291 vorliegen.
826 2245 946 2290 9113111
983 2245 1084 2281 verbi
1110 2246 1185 2279 vim
1223 2256 1264 2279 ac
1300 2246 1524 2289 potestatem
1556 2243 1664 2277 multi
1691 2242 1804 2286 scrip-

243 2298 366 2328 torum
399 2295 471 2328 loci
504 2294 747 2338 comprobant
780 2293 827 2328 cf.
854 2293 973 2328 Plaut.
1008 2293 1109 2328 Trin.
1137 2292 1183 2327 V.
1211 2294 1240 2333 1,
1275 2292 1308 2328 2.
1343 2291 1450 2326 Corn.
1477 2291 1570 2336 Nep.
1596 2290 1680 2326 Alc.
1713 2291 1744 2331 1,
1771 2290 1804 2324 4.

243 2353 360 2385 neque
394 2353 504 2375 causa
528 2342 686 2382 suberat,
721 2353 831 2385 quare
858 2341 970 2375 animi
997 2341 1161 2375 laborem
1185 2339 1379 2384 perferret.
1431 2338 1515 2374 Sen.
1542 2339 1588 2373 de
1612 2338 1712 2373 brev.
1738 2337 1805 2372 vit.

244 2388 291 2423 X.
321 2390 351 2423 5.
380 2389 425 2423 de
451 2389 493 2424 ir.
518 2388 550 2423 Ι.
577 2390 632 2430 Qu,
662 2390 692 2424 1.
720 2389 765 2423 (16
791 2388 910 2424 benef.
937 2388 1006 2422 IV.
1035 2389 1090 2430 39,
1116 2388 1148 2422 4.
1167 2387 1213 2423 V.
1243 2387 1295 2427 12,
1324 2387 1355 2422 6.
1384 2397 1440 2431 ep.
1459 2385 1567 2422 XVI.
1594 2387 1615 2420 2
1641 2384 1723 2430 (97)
1750 2385 1804 2419 12.

245 2436 329 2471 Sen.
357 2435 506 2480 Thyest.
534 2437 612 2471 965.
665 2435 789 2480 Quint.
814 2435 845 2471 I.
873 2437 903 2477 3,
932 2437 962 2471 ἵ).
985 2437 1038 2477 11,
1069 2436 1122 2471 19.
1142 2434 1218 2471 ΙΙΙ.
1246 2436 1277 2476 6,
1296 2434 1351 2469 80.
1378 2446 1464 2468 nam
1481 2434 1640 2478 primum
1658 2434 1807 2477 oportet

246 2484 436 2518 subesse
476 2483 623 2527 aliquid,
663 2483 707 2517 de
744 2495 814 2527 quo
841 2483 1050 2528 ambigitur.
1084 2482 1153 2517 IX.
1171 2483 1211 2523 3,
1240 2483 1272 2518 6.
1300 2481 1364 2516 36(1
1390 2481 1552 2515 subest
1577 2480 1683 2521 ratio,
1722 2479 1807 2523 quja

247 2542 351 2565 sexus
389 2534 541 2574 uterque
580 2531 695 2565 altero
735 2530 973 2576 significatur.
1009 2530 1077 2565 XI.
1114 2531 1145 2571 2,
1173 2530 1205 2565 9.
1239 2528 1333 2565 ΧΠ.
1368 2530 1399 2569 2,
1429 2529 1483 2564 12.
1522 2527 1670 2562 Invidia
1693 2526 1808 2571 igitur

246 2578 376 2613 alienis
402 2579 634 2613 incrementis
661 2578 915 2612 inimicissima
939 2577 1041 2617 (Sen.
1068 2577 1113 2612 de
1138 2581 1257 2621 tranq.
1285 2576 1393 2612 anim.
1421 2575 1473 2611 II.
1502 2576 1574 2620 10.)
1599 2586 1682 2609 cum
1706 2574 1745 2607 in
1763 2584 1806 2608 eo

245 2626 404 2660 maxime
431 2629 526 2671 agat,
559 2626 657 2669 quod
691 2626 811 2659 aliena
836 2626 937 2660 videt
961 2626 1019 2659 vel
1054 2628 1096 2659 ut
1128 2625 1180 2658 ait
1213 2624 1288 2658 Cio.
1314 2623 1419 2658 Tusc.
1446 2622 1519 2659 III.
1547 2623 1578 2663 9,
1606 2623 1662 2657 20.
1698 2621 1806 2655 nimis

246 2674 420 2714 intuetur,
455 2673 551 2717 quod
577 2673 669 2706 nihil
694 2684 767 2706 non
793 2673 919 2707 alienis
947 2684 988 2707 ac
1014 2683 1128 2717 prope
1154 2671 1271 2706 caecis
1297 2671 1411 2705 oculis
1437 2670 1538 2705 videt
1563 2669 1665 2715 (Sen.
1692 2668 1738 2703 de
1762 2669 1805 2702 ir.

247 2720 277 2754 1.
308 2721 359 2759 16,
389 2721 436 2765 6),
463 2720 594 2764 quibus
627 2731 705 2754 esse
737 2720 836 2765 quod
863 2720 983 2762 abest,
1018 2719 1145 2754 abesse
1171 2719 1267 2763 quod
1293 2722 1358 2759 est,
1386 2718 1510 2753 videre
1541 2717 1727 2758 videatur,
1760 2715 1807 2750 de
