1967 3090
757 146 1079 188 —257—

243 261 318 295 153.
346 261 490 295 Avaros
517 260 681 294 homines
708 261 866 304 pupillos
893 260 1013 294 brevis
1040 261 1168 294 aetatis
1195 270 1291 301 esse,
1324 259 1415 293 nihil
1441 259 1537 293 enim
1563 259 1607 293 de
1635 269 1698 292 suo

146 309 200 342 uti
225 308 345 342 licere.

240 367 273 399 p.
301 355 355 390 23.
384 354 482 389 Mon.
510 353 600 388 XII.
627 355 658 389 3.
688 353 741 388 Cf.
770 353 868 388 Sent.
896 353 987 388 falso
1014 353 1109 387 inter
1134 352 1238 387 Publ.
1265 357 1401 396 recept.
1429 354 1508 388 286.

241 403 314 436 154.
343 401 525 435 Pecuniae
552 401 778 444 quaerendae
806 404 841 434 et
868 400 1024 434 tuendae
1049 400 1199 433 modum
1225 399 1357 434 habere
1384 404 1540 444 oportet.

238 461 270 493 p.
298 449 353 483 41.
382 448 464 482 Par.
493 449 547 482 53.
576 448 657 483 ..W.
684 447 725 483 Β.
755 447 880 483 Soc-1:⁴⁴
914 446 996 480 Wo.
1025 446 1163 490 Haupt.
1190 445 1285 481 Phil.
1311 445 1383 480 III.
1411 459 1445 491 p.
1473 448 1551 482 377.
1579 460 1611 484 v,
1638 449 1695 484 31.

239 497 316 529 155».
345 495 482 538 Quanti
510 499 562 528 est
592 495 667 528 sine
694 495 813 528 anima
839 506 982 538 corpus.
1009 494 1103 528 tanti
1130 497 1184 528 est
1212 494 1288 527 sine
1316 493 1440 528 amicis
1466 494 1584 531 homo.

237 554 270 586 p.
299 543 352 577 25.
381 541 478 576 Mon.
506 540 590 576 XV.
618 542 649 576 ὃ.
693 541 774 581 ‚.W.
802 540 844 576 B.
872 541 1078 585 Theophr.“
1118 540 1200 574 Wo.
1243 540 1297 575 Cf.
1342 540 1440 574 Sent.
1478 541 1569 575 falso
1600 543 1694 577 inter

141 588 247 624 Publ.
274 594 410 632 recept.
438 590 516 623 29-4.
544 587 651 624 Publ.
679 588 711 631 Q
737 589 794 623 74.

237 637 314 671 156.
341 635 411 679 Qui
436 637 668 670 innocentem
695 636 843 669 damnat
870 646 933 669 sua
960 635 1150 675 sententia,
1180 645 1322 678 semper
1349 639 1403 668 est
1430 646 1521 676 reus,
1550 648 1633 670 cum
1651 648 1689 671 se

142 683 291 718 cottidie
316 683 454 727 puniat.

236 743 270 774 p.
298 730 352 765 34.
380 729 477 765 Mon.
505 729 688 764 XLVIII.
715 730 745 764 2.
774 729 828 763 Cf.
855 729 960 764 Publ.
988 728 1013 763 S
1040 729 1081 763 31
1110 729 1222 773 (614).

238 777 314 812 157.
357 776 505 811 Doloris
530 777 706 810 ultionem
749 777 794 810 ab
836 776 991 810 inimicis
1019 776 1141 820 exigit,
1185 776 1247 819 qui
1280 775 1497 819 patientiam
1531 777 1688 812 dolendo

143 824 314 859 custodit.

238 883 272 915 p.
301 871 355 906 40.
382 870 466 906 Par.
494 871 546 905 30.

238 918 315 953 158.
341 917 512 952 Omnium
537 921 591 952 est
618 919 818 952 communis
845 917 1023 957 inimicus,
1052 917 1112 960 qui
1139 922 1193 951 est
1219 917 1334 950 hostis
1362 928 1519 953 suorum.

234 976 270 1009 p.
298 965 352 999 37.
379 964 462 1000 Par.
490 965 521 999 2.
549 964 601 999 Cf.
630 964 730 1000 Sent.
758 965 851 999 falso
877 965 974 998 inter
998 963 1104 998 Publ.
1131 968 1266 1008 recept.
1295 964 1373 999 29-5.
1393 963 1531 998 Versus
1551 977 1595 999 ex
1614 965 1690 1002 Oie.

144 1011 254 1046 Verr.
280 1011 311 1046 I.
342 1012 393 1051 15,
422 1011 477 1046 38.
505 1012 665 1046 adscitus
691 1012 762 1047 vid.
789 1011 926 1056 Meyer.
952 1023 988 1056 p.
1014 1012 1071 1045 45.

239 1058 316 1094 159.
343 1057 520 1093 Iniuriam
546 1060 745 1103 irrogatam
773 1060 847 1093 eius
873 1058 1060 1092 infamiam
1086 1069 1164 1093 esse
1190 1058 1252 1102 qui
1278 1058 1377 1094 facit.

239 1118 273 1150 p.
303 1106 357 1141 31.
384 1105 484 1141 Mon.
512 1105 695 1141 XXXIV.
723 1107 753 1141 2.

237 1152 342 1187 Idem
368 1152 470 1193 dixit,
496 1152 674 1187 Iniuriam
700 1154 833 1188 iniuste
858 1154 1056 1198 irrogatam
1082 1153 1157 1186 eius
1183 1152 1371 1187 infamiam
1397 1165 1476 1188 esse
1502 1155 1563 1198 qui
1596 1155 1696 1192 facit.

236 1211 270 1244 p.
299 1200 353 1236 38.
380 1199 464 1234 Par.
494 1201 546 1235 11.
574 1200 672 1234 Hinc
688 1201 807 1235 locum
826 1200 876 1234 sic
895 1200 1089 1244 legendum
1116 1200 1301 1234 existimo:
1330 1200 1469 1235 Iniuria
1493 1202 1696 1247 irrogatam

151 1247 226 1280 eius
252 1246 439 1280 infamiam
466 1258 543 1281 esse
571 1248 630 1290 qui
656 1248 777 1281 iacit.
828 1247 948 1281 lacit
974 1247 1068 1281 male
1093 1250 1270 1281 mutatum
1297 1247 1334 1281 in
1360 1247 1495 1290 facit,
1522 1249 1700 1284 iniuria

151 1298 270 1328 autem
297 1293 496 1327 ablativum
531 1306 598 1339 pro
630 1295 933 1339 interpretatione
971 1293 1134 1328 adverbii
1176 1294 1353 1328 iniuste
1395 1306 1472 1330 esse
1513 1296 1700 1342 intellego.

145 1340 354 1375 Verborum
380 1341 494 1386 igitur
519 1341 608 1376 haec
635 1343 815 1375 sententia
841 1345 913 1375 est:
940 1341 1099 1375 Infamia
1125 1341 1308 1375 immerito
1335 1342 1497 1387 irrogata
1522 1344 1579 1377 vel
1597 1344 1702 1379 illata

145 1398 218 1421 non
248 1387 293 1421 ad
312 1399 393 1421 eum
413 1392 563 1431 spectat.
591 1389 648 1423 cui
665 1389 827 1433 irrogata
846 1389 903 1422 vel
921 1389 1024 1422 illata
1051 1394 1115 1429 est,
1143 1388 1206 1422 sed
1231 1389 1277 1422 ad
1296 1400 1387 1429 eum,
1415 1390 1475 1433 qui
1501 1390 1588 1425 iacit
1619 1391 1641 1426 i.
1669 1403 1698 1426 e.

145 1435 297 1480 spargit.
349 1433 408 1469 Sic
434 1436 587 1470 iacere
613 1435 872 1470 contumeliam
898 1436 991 1469 dixit
1018 1434 1091 1470 Cic.
1119 1434 1208 1469 Sull.
1236 1436 1290 1471 23.
1318 1438 1355 1469 et
1381 1435 1466 1472 Tac.
1484 1437 1625 1474 An.11.
1645 1439 1700 1473 55.

142 1481 228 1516 XV.
257 1482 322 1521 50..
352 1482 516 1516 convicia
542 1494 583 1517 ac
610 1483 742 1526 probra
784 1482 868 1516 Tac.
908 1482 1007 1518 Hist.
1045 1482 1075 1518 Ι.
1102 1482 1170 1522 47..
1197 1483 1368 1516 iniuriam
1394 1482 1467 1517 Cic.
1494 1483 1625 1520 Parad.
1651 1486 1695 1527 4„

143 1529 262 1563 minas
288 1528 372 1563 Tac.
400 1529 472 1563 An.
500 1529 567 1563 VI.
597 1532 664 1570 31..
692 1541 876 1564 sermones
902 1529 988 1565 Tae.
1015 1530 1086 1565 An.
1113 1529 1182 1565 IV.
1210 1530 1276 1570 68..
1294 1529 1577 1574 significationes
1596 1531 1694 1567 Suet.

143 1575 230 1611 Ner.
258 1576 325 1615 37..
353 1577 597 1620 suspicionem
623 1577 695 1612 Cic.
722 1576 843 1612 Flacc.
872 1577 903 1611 7.

243 1623 320 1658 160.
349 1621 486 1657 Seneca
513 1624 623 1658 dixit:
658 1624 740 1658 Non
766 1628 821 1658 est
847 1635 949 1662 unuS,
978 1624 1142 1667 quamvis
1169 1624 1388 1668 praecipuus
1414 1625 1470 1666 sit,
1498 1626 1693 1661 imitandus

146 1670 184 1703 in
211 1670 389 1711 omnibus,
417 1671 499 1713 quia
525 1682 709 1715 nunquam
735 1683 802 1715 par
826 1670 867 1704 fit
894 1671 1046 1706 auctori.

239 1729 273 1761 p.
301 1718 357 1752 42.
384 1717 464 1752 Par.
493 1718 548 1753 84.
576 1717 630 1752 Cf.
658 1717 782 1761 Quint.
809 1717 856 1753 X.
884 1720 915 1759 2,
945 1718 998 1752 10.
1025 1717 1120 1751 Eum
1146 1729 1233 1752 vero
1259 1729 1367 1752 nemo
1394 1722 1515 1763 potest
1533 1730 1694 1763 aequare,

145 1764 245 1797 cuius
272 1765 437 1808 vestigiis
464 1764 532 1798 sibi
558 1766 680 1808 utique
707 1765 949 1799 insistendum
973 1768 1089 1808 putat.
1141 1764 1297 1799 Necesse
1340 1768 1395 1800 est
1433 1766 1529 1800 enim
1556 1778 1698 1811 semper

148 1811 194 1845 sit
221 1812 412 1855 posterior.
438 1812 500 1855 qui
526 1813 698 1856 sequitur.

246 1859 322 1893 161.
351 1857 421 1901 Qui
447 1859 577 1893 metuit
605 1860 876 1899 contumeliam,
905 1870 988 1893 raro
1016 1859 1149 1903 accipit
1175 1859 1356 1893 iniuriam.

145 1950 174 1985 P
202 1905 355 1985 bp.S34.
391 1904 490 1941 Mon.
518 1905 703 1942 XLVIII.
749 1907 802 1942 10.
839 1906 894 1941 Cf.
922 1905 1028 1940 Publ.
1056 1906 1089 1950 Q
1115 1907 1135 1941 3
1162 1906 1274 1951 (503).
1315 1906 1488 1950 Spengel.
1514 1908 1627 1951 praef.
1655 1909 1701 1943 ad

179 1963 201 1985 u
228 1952 250 1986 l.
307 1964 359 1995 yr.
413 1980 420 1987 .
449 1953 480 1988 7.

243 1999 320 2034 162.
350 1964 421 2044 6131
446 2011 521 2034 11011
548 2000 700 2044 corripit
727 2003 949 2043 peccantem,
976 2010 1129 2043 peccare
1155 2001 1322 2044 imperat.

239 2057 273 2090 p.
311 2046 364 2081 33.
392 2046 491 2080 Mon.
519 2046 620 2080 XLI.
648 2049 680 2081 4.
707 2047 768 2080 Ad
794 2051 1069 2090 peccantem
1096 2047 1222 2081 addidi
1257 2050 1433 2088 natum,
1478 2060 1547 2092 quo
1574 2049 1699 2084 addito

146 2103 272 2127 versus
299 2093 499 2136 quadratus
527 2094 680 2128 exsistit.
732 2093 858 2137 Neque
884 2094 981 2127 enim
1006 2093 1179 2136 cuiusque
1205 2094 1373 2128 omnibus
1407 2095 1497 2129 locis
1523 2099 1586 2130 aut
1610 2100 1700 2131 tem-

147 2139 298 2183 poribus
326 2144 391 2181 est,
418 2152 666 2184 quemcunque
693 2141 785 2174 vidit
810 2144 1035 2184 peccantem,
1063 2141 1257 2184 corripere,
1286 2141 1349 2176 sed
1375 2141 1461 2183 eius,
1488 2143 1546 2176 cui
1563 2146 1701 2178 certum

146 2186 240 2221 illud
267 2187 490 2231 corripiendi
528 2187 689 2222 officium
715 2188 947 2222 commissum
973 2191 1037 2227 est,
1065 2191 1106 2221 ut
1130 2188 1258 2232 patris,
1285 2188 1331 2222 ad
1357 2199 1465 2232 quem
1490 2188 1555 2223 filii
1581 2193 1699 2225 custo-

148 2233 209 2267 dia
234 2245 377 2267 morum
402 2235 573 2278 pertinet.
625 2234 746 2278 Quare
783 2235 984 2278 prudenter
1010 2233 1092 2269 8011.
1135 2234 1271 2269 Troad.
1305 2235 1383 2270 291.
1417 2236 1478 2279 qui
1504 2247 1576 2270 non
1601 2241 1700 2272 vetat

145 2291 311 2324 peccare,
339 2292 435 2315 cum
460 2282 629 2325 possit,
656 2282 767 2316 iubet.
819 2280 983 2315 Verbum
1008 2281 1188 2326 imperare
1214 2293 1297 2316 cum
1322 2282 1503 2317 infinitivo
1529 2284 1700 2319 coniunc-

145 2330 225 2361 tum
250 2328 332 2362 vide
359 2339 415 2372 ap.
443 2327 528 2363 Ter.
555 2329 673 2363 Andr.
717 2328 760 2364 V.
804 2329 835 2369 2,
870 2330 902 2364 1.
929 2328 1050 2362 31111110
1074 2339 1171 2362 1111110
1197 2329 1270 2363 iam
1295 2330 1413 2363 otioso
1439 2340 1516 2364 esse
1541 2331 1700 2375 impero;

148 2385 206 2418 ap.
233 2373 320 2409 Sall.
347 2374 425 2409 Cat.
452 2374 558 2411 XVI.
586 2377 617 2410 2.
644 2375 723 2420 Iug.
751 2374 913 2409 XLVII.
941 2376 971 2410 2.
1000 2375 1056 2411 ed.
1082 2375 1203 2411 Fabri.

171 2464 176 2471 .
243 2422 321 2457 163.
347 2421 404 2456 De
431 2422 556 2457 dolore
584 2422 754 2457 Socrates
781 2422 890 2458 dixit:
916 2421 1054 2457 Dolore
1078 2423 1247 2464 vincitur,
1275 2424 1336 2467 qui
1361 2423 1526 2459 dolorem
1544 2425 1702 2461 dolendo

147 2479 222 2503 non
273 2469 394 2504 atitur.

242 2480 277 2559 11³).
304 2516 361 2551 21.
385 2515 484 2552 Mon.
511 2516 579 2552 IX.
606 2516 740 2551 Omisit
769 2516 908 2560 Haupt.
935 2515 1092 2551 Ρ111.ΠΙ.
1118 2529 1154 2561 p.
1205 2518 1241 2552 31
1268 2518 1359 2554 79.v.
1387 2518 1441 2553 66.

244 2562 322 2598 164.
350 2561 389 2597 81
415 2564 502 2607 quid
527 2564 684 2605 dubitas,
711 2575 756 2598 ne
781 2562 921 2598 feceris.
1095 2568 1098 2570 ’

243 2620 277 2653 p.
304 2609 360 2645 40.
386 2609 469 2645 Par.
496 2611 552 2646 38.

243 2655 369 2690 Animi
392 2657 528 2691 iudicio
554 2657 650 2701 quod
675 2660 859 2701 negatum,
885 2656 1030 2702 fugito..

243 2715 278 2748 p.
305 2704 361 2738 40.
388 2702 470 2739 Par.
498 2705 553 2740 39.
580 2704 748 2748 Utraque
774 2706 958 2738 sententia
983 2705 1127 2740 videtur
1152 2706 1417 2751 coniungenda.

254 2750 331 2785 165.
360 2749 467 2794 Quod
491 2751 604 2785 habes
630 2751 681 2785 ita
706 2755 818 2791 utere,
845 2755 886 2786 ut
912 2752 1071 2787 alienum
1095 2763 1168 2786 non
1194 2763 1308 2797 egeas.

1425 2810 1467 2845 17
