1967 3090
846 79 1168 122 —248-

223 196 451 230 inimicorum
477 194 625 228 insidias
653 194 797 229 debere.
831 193 922 228 illud
949 194 1043 228 enirn
1071 198 1250 237 apertum,
1283 194 1352 228 hoc
1380 194 1537 229 celatum
1565 198 1620 229 est
1644 195 1782 230 malum

222 243 447 285 nocendique
476 242 572 275 fraus
599 253 668 285 quo
696 253 768 275 non
794 244 960 284 speratur
986 241 1181 285 potentior.

318 302 350 333 p.
379 289 433 324 59.
461 288 545 323 Par.
574 290 628 323 ,²5
663 287 850 322 Pluralem
877 300 972 322 num.
1000 288 1205 322 invidias
1231 291 1383 332 propter
1409 289 1566 323 eundem
1592 301 1783 323 numerum

226 337 419 370 insidiis
447 336 586 380 scripsi.
639 335 735 370 Vide
761 335 1141 379 Zu111pt.(÷1·a111.⁴)2.

317 384 370 417 .J5.
412 384 580 418 Socrates
616 383 727 417 dixit.
771 382 870 426 Quae
905 382 1026 416 facere
1061 387 1166 426 turpe
1210 385 1275 422 est.
1317 382 1406 417 haec
1441 395 1485 417 ne
1521 383 1641 418 dicere
1675 383 1784 418 hone-

222 434 316 464 stum
354 435 442 465 Juta.

316 443 356 522 p}
385 479 432 512 18.
469 477 566 512 Mon.
594 476 623 510 Ι.
677 506 682 512 .
717 477 779 511 Ad
804 477 1020 511 sententiam
1054 477 1311 511 illustrandam
1346 477 1470 511 attulit
1501 476 1720 512 Woefflinus
1748 480 1783 511 et

223 524 335 559 [SOCI.
372 524 526 559 Paraeu.
558 536 594 568 p.
627 525 653 559 ἶ.
687 539 708 557 α
736 533 853 556 ποιεῖν
881 524 1038 568 triumuir,
1066 525 1175 556 ταῦτα
1206 526 1325 566 νόμιζε
1351 522 1436 566 μηδὲ
1465 523 1514 567 λε’)
1525 538 1578 557 ειν
1605 524 1696 557 εἶναι
1722 538 1781 556 κα-

223 574 300 609 κόι,
327 576 360 606 et
388 571 578 606 Demosth.
605 572 643 606 in
669 571 805 606 Conon.
833 575 863 614 §-
894 571 947 605 1'1‘.
975 576 1009 605 et
1038 570 1145 604 Pauli
1164 570 1232 615 Ep.
1256 571 1301 605 ad
1319 571 1453 615 Ephes.
1474 571 1518 606 V.
1549 572 1602 607 12.
1642 571 1781 615 Haupt.

223 598 319 654 Ρ1111.
346 618 420 653 III.
449 632 482 664 p.
502 619 582 655 315.
611 632 642 653 v.
671 620 726 653 54.
766 618 871 662 Quod
892 620 1010 652 130010
1029 623 1135 662 turpe
1154 622 1218 658 est.
1248 618 1369 652 dicere
1395 618 1590 653 honestum
1619 630 1664 652 ne
1682 622 1782 662 puta.

222 666 280 700 Ri.
308 678 340 702 v,
368 668 455 701 2⁴11:
490 666 597 711 Quod
624 666 744 701 facere
770 670 888 709 turpe.
916 665 1110 699 honestum
1136 676 1209 699 non
1236 669 1290 699 est
1318 665 1450 700 dicere.

317 714 373 749 59.
413 713 586 748 Socrates
614 713 813 757 inquirenti
841 712 995 751 cuidam.
1034 712 1216 756 quomodo
1243 716 1366 757 posset
1394 713 1532 757 optime
1560 712 1690 753 dicere⁷
1728 723 1783 746 re-

223 761 390 804 spondit:
419 761 519 795 Nihil
546 762 692 795 dixeris.
721 760 791 794 nisi
819 760 915 804 quod
941 760 1033 794 bene
1060 760 1198 795 scieris.

322 821 353 851 p.
381 810 436 843 33.
464 808 564 844 Mon.
593 807 736 842 XLIII.
765 808 796 842 2.
824 806 905 848 AV.
934 807 975 843 B.
1003 806 1306 841 Demosthenes&
1336 807 1417 843 Wo.

316 856 372 890 40.
401 855 476 889 Nec
502 859 537 889 te
564 856 809 899 imprudentia
836 854 956 898 decipi
982 866 1048 888 nec
1076 855 1277 899 cupiditate
1305 854 1561 889 circumveniri
1580 855 1784 898 permittas.

317 914 350 946 p.
378 903 434 938 42.
461 902 543 936 Par.
573 903 628 938 Ti.
658 902 739 941 ..W.
768 902 810 936 B.
838 901 963 936 Socrf·
994 901 1072 937 Wo.

316 950 371 984 41.
399 949 607 994 Xenophon
642 949 876 983 maledicenti
902 949 971 982 sibi
998 949 1153 990 cuidam
1189 949 1255 984 Tu
1283 950 1411 994 inquit
1443 949 1663 983 maledicere
1691 948 1783 982 didi-

222 997 321 1031 cisti:
350 1008 419 1041 eoo
446 997 667 1031 conscientia
694 1000 789 1030 teste
815 995 927 1030 didici
952 996 1149 1030 maledicta
1174 1000 1447 1041 contempnere.

318 1056 351 1088 p.
379 1045 434 1078 31.
462 1043 562 1078 Mon.
588 1043 751 1078 XXXV.
778 1043 810 1077 6
837 1055 870 1087 p
899 1043 954 1077 39.
981 1042 1064 1077 Par.
1095 1044 1146 1078 18.
1175 1043 1262 1078 Cod
1291 1044 1542 1088 Lindenbrog.
1569 1056 1603 1087 p.
1627 1044 1669 1078 16
1697 1043 1784 1086 (16).

318 1092 373 1125 42.
402 1091 674 1125 Conscientiam
708 1101 817 1134 (1113111
843 1090 980 1124 famam
1005 1090 1173 1125 intende:
1214 1090 1352 1124 famam
1386 1092 1485 1125 enim
1512 1102 1620 1134 saepe
1647 1090 1787 1134 poteris

222 1137 360 1173 fallere.
389 1139 654 1172 conscientiam
681 1149 876 1181 nunquam.

318 1197 352 1229 p.
387 1186 444 1220 42.
483 1185 566 1221 Par.
595 1186 649 1220 65.
690 1185 745 1220 Cf.
780 1184 882 1219 Sent.
918 1184 1011 1218 falso
1051 1185 1146 1219 inter
1179 1184 1284 1219 Publ.
1321 1188 1455 1229 recept.
1495 1185 1549 1219 56.
1589 1184 1778 1219 Adverbia

224 1233 369 1277 magis
403 1233 544 1277 (plus)
577 1233 735 1276 potius
770 1232 932 1266 melioris
967 1232 1159 1266 latinitatis
1193 1237 1361 1266 auctores
1396 1236 1569 1275 sequente
1597 1232 1777 1275 particula

223 1291 352 1322 quam
396 1291 467 1313 non
512 1280 629 1314 solent
673 1280 853 1314 omittere.
905 1278 1001 1313 Vide
1039 1291 1131 1323 quae
1170 1291 1211 1313 03
1250 1279 1294 1313 de
1333 1290 1372 1313 re
1410 1284 1538 1313 contra
1576 1279 1783 1323 disputavit

224 1326 446 1361 VVoefflinus
481 1328 525 1360 ad
565 1327 671 1361 Caec.
698 1326 801 1361 Balb.
848 1338 882 1370 p.
917 1326 975 1361 81.
1015 1326 1212 1362 Nisardus:
1258 1325 1345 1360 Plus
1388 1327 1635 1360 conscientiae
1676 1337 1786 1370 quam

224 1372 340 1407 famae
368 1374 584 1415 attenderis3
621 1374 761 1418 Haupt.
787 1373 883 1408 Phil.
911 1372 984 1407 III.
1020 1386 1054 1418 p.
1083 1375 1162 1409 3Tr.
1189 1387 1221 1407 v.
1250 1374 1324 1408 3T.:
1363 1373 1483 1418 Magis
1511 1385 1619 1417 quam
1646 1373 1783 1407 famam

223 1421 372 1454 attende
399 1422 674 1456 conscientiam.
725 1419 974 1456 Pseudo-Seu.
1001 1421 1045 1454 de
1071 1433 1161 1456 mor.
1189 1421 1244 1456 59.

317 1469 373 1503 43.
402 1468 552 1503 Oriente
579 1469 656 1502 sole
682 1468 884 1508 consilium.
913 1468 1102 1502 occidente
1129 1469 1334 1502 convivium
1363 1468 1535 1511 cogitato.

290 1527 348 1558 .p.
377 1516 433 1551 41.
470 1515 552 1551 Par.
579 1516 635 1551 40.
679 1515 851 1555 ..Dictum
887 1514 1029 1549 Socrati
1065 1516 1241 1549 tribuunt.
1278 1514 1323 1550 V.
1351 1515 1392 1550 B.
1429 1519 1463 1549 et
1492 1515 1550 1549 W.
1587 1514 1652 1549 B.“
1695 1514 1778 1550 Wo.

221 1561 362 1606 Haupt.
388 1562 483 1598 Phil.
518 1562 590 1597 III.
619 1575 653 1607 p.
681 1564 759 1598 576.
793 1574 824 1596 v,
855 1564 901 1597 1.;
946 1562 1030 1597 Sole
1057 1563 1197 1597 oriente
1225 1562 1432 1602 consilium,
1465 1563 1657 1597 occidente
1685 1562 1785 1607 agita

223 1620 441 1644 convivium.

316 1657 372 1691 44.
401 1658 467 1691 Cui
494 1669 617 1692 omnes
644 1657 879 1698 benedicunt,
905 1657 1068 1700 possidet
1096 1657 1223 1701 populi
1250 1657 1356 1693 bona.

316 1716 350 1748 p.
377 1705 433 1740 42.
462 1704 544 1739 Par.
573 1705 628 1740 60.
664 1704 748 1738 ..W.
777 1704 842 1739 Β.“
878 1704 959 1738 Wo.
988 1703 1042 1739 Cf.
1078 1703 1182 1738 Publ.
1221 1704 1247 1738 C
1277 1705 1332 1740 ⁴27.
1361 1705 1476 1749 (112).
1516 1704 1657 1748 Haupt.
1689 1703 1784 1738 Phil.

222 1749 295 1784 III.
327 1763 361 1795 p.
389 1752 469 1787 373.
496 1765 529 1786 v,
556 1753 612 1787 45.

317 1799 373 1833 45.
402 1798 512 1832 Cuius
540 1799 678 1833 dictum
713 1810 786 1832 non
820 1799 930 1833 habet
964 1799 1202 1833 iurisiurandi
1236 1799 1389 1843 pondus,
1430 1799 1506 1833 eius
1534 1798 1786 1833 iusiurandum

222 1856 364 1889 quoque
391 1846 462 1880 vile
491 1858 579 1880 esse.

316 1905 351 1936 p.
379 1893 433 1928 32.
461 1893 558 1929 Mon.
585 1892 811 1927 XXXVIII.
839 1894 871 1929 4.
900 1893 997 1927 Vide
1023 1892 1168 1927 Solonis
1196 1894 1335 1928 dictum
1361 1893 1458 1937 apud
1485 1892 1593 1936 Diog.
1612 1892 1734 1928 Laert.
1753 1891 1783 1927 I.

222 1939 253 1979 2,
283 1941 354 1975 12:
396 1939 670 1984 καλοκάγαθίαν
705 1941 813 1983 ὅρκοι·
849 1944 1062 1985 πιστοτέραν
1089 1942 1153 1981 ἔχε.
1189 1941 1286 1984 qUOd
1321 1941 1367 1974 ad
1399 1940 1551 1974 VssI'bUIn
1584 1939 1643 1974 XV.
1669 1939 1711 1974 B.
1747 1939 1785 1972 in

222 1985 395 2021 Latinum
422 1988 632 2022 transtulit:
659 1987 890 2021 Probitatem
916 1988 1151 2022 iureiurando
1178 1989 1371 2022 certiorem
1395 1987 1499 2021 habe.

315 2035 371 2069 46.
399 2034 583 2069 Damnum
610 2035 679 2068 nisi
706 2047 749 2069 ex
775 2034 1024 2069 habundantia
1051 2047 1134 2069 raro
1162 2036 1297 2070 evenit.
1514 2042 1520 2044 *

315 2093 348 2125 p.
380 2082 434 2117 19.
467 2081 566 2117 Mon.
593 2081 624 2117 Ι.
653 2083 708 2117 17.
735 2094 769 2126 p.
797 2082 854 2117 42.
882 2081 965 2117 Par.
992 2083 1047 2117 67.
1076 2083 1314 2117 abundantia.
1355 2081 1437 2123 ..W.
1464 2081 1506 2116 Β.
1534 2079 1660 2116 Socr.“
1699 2080 1783 2115 WO.

220 2126 274 2161 Cf.
302 2127 401 2162 Sent.
437 2128 530 2162 13150
566 2130 661 2163 inter
686 2129 793 2164 Publ.
828 2133 962 2174 recept.
1000 2130 1053 2164 74.
1090 2129 1228 2173 Haupt.
1256 2129 1350 2164 Phil.
1384 2128 1456 2162 III.
1484 2141 1518 2172 p.
1547 2128 1624 2163 378.
1658 2139 1690 2161 v.
1724 2128 1779 2163 39.

219 2186 293 2208 non
331 2187 409 2209 esse
441 2180 550 2215 ratus.
590 2177 687 2219 quod
719 2177 756 2210 in
782 2176 902 2210 verbis
936 2177 1153 2211 mutandum
1187 2178 1249 2217 sit.
1288 2188 1435 2210 versum
1472 2175 1519 2210 ad
1544 2174 1777 2209 Publilianos

217 2221 342 2256 refert.
381 2222 438 2256 Ri.
467 2235 498 2258 v.
526 2224 624 2258 212:
664 2223 847 2257 Damnum
872 2224 941 2257 nisi
968 2236 1011 2258 ex
1038 2224 1225 2268 opulentia
1251 2235 1332 2257 raro
1359 2223 1490 2258 evenit.

313 2269 513 2311 45.‚1dem
540 2270 699 2324 Lucrum
726 2271 871 2315 ingrate
898 2272 1099 2315 praestanti
1126 2271 1300 2305 damnum
1326 2271 1475 2315 pudoris
1503 2281 1590 2304 esse.

314 2328 364 2398 p.S
376 2317 431 2351 40.
458 2316 540 2351 Par.
569 2318 624 2352 32
653 2317 827 2362 Spectare
855 2319 1037 2352 sententia
1064 2318 1110 2351 ad
1137 2317 1327 2352 Socratem
1354 2320 1545 2352 auctorem
1570 2316 1725 2351 videtur.

368 2363 581 2445 .)Celeritas
609 2364 827 2399 beneficium
851 2366 992 2410 gratius
1019 2365 1117 2399 facit.

317 2371 364 2454 pO
463 2410 561 2445 Mon.
589 2411 695 2447 XIV.
724 2412 754 2447 5.
784 2411 839 2446 Cf.
851 2394 956 2446 esent
996 2412 1089 2446 falso
1117 2413 1213 2446 inter
1231 2412 1336 2446 Publ.
1357 2415 1494 2456 recept.
1525 2411 1605 2446 1:27.
1633 2409 1783 2444 Dictum

220 2456 277 2490 W.
305 2457 346 2492 B.
372 2458 501 2492 tribuit
528 2458 662 2492 Bianti
690 2457 833 2492 Socrati
860 2459 1094 2494 tribuendum
1122 2463 1226 2503 putat
1253 2458 1502 2493 Woelfflinus.
1530 2458 1590 2492 Ri.
1618 2469 1650 2492 v,
1681 2457 1779 2492 2385

219 2505 419 2548 Acceptius
446 2505 664 2540 beneficium
689 2506 810 2540 reddit
838 2507 1019 2541 celeritas.

314 2552 370 2586 49.
397 2551 484 2585 Plus
511 2553 629 2596 gaude
656 2553 750 2586 datis
778 2553 974 2588 beneficiis.
1003 2566 1109 2597 quam
1137 2554 1306 2597 acceptis.
1358 2552 1429 2586 Illa
1454 2552 1550 2586 enim
1577 2551 1774 2591 felicitatis,

219 2597 307 2632 haec
334 2600 563 2633 necessitatis
591 2600 737 2634 videtur
767 2611 844 2634 esse
872 2601 1088 2635 substantia.

312 2657 347 2689 p.
375 2647 432 2680 23.
460 2646 560 2680 Mon.
585 2645 689 2681 XIV.
720 2649 749 2681 1.
777 2646 830 2681 Cf.
858 2647 1106 2683 Pseudo-Seu.
1135 2648 1179 2681 de
1205 2658 1293 2682 mor.
1322 2648 1376 2681 55.

315 2693 369 2727 50.
398 2692 519 2727 Idem:
547 2692 702 2728 Gravius
729 2694 979 2729 adversarium
1005 2695 1199 2729 securitate
1227 2694 1397 2738 decipias.
