1967 3090
910 157 962 165 ..or—⁴

790 181 839 186 —
907 170 954 197 ¹)‘
1023 179 1080 184 —.

261 276 488 318 Malevolus
521 287 680 328 semper
711 275 784 315 sua
815 284 971 314 venena
1001 271 1226 324 pascitur*

158 343 227 386 30.
259 341 414 382 Multos
447 340 593 380 timere
625 339 756 387 debet,
791 349 911 390 quem
942 335 1066 376 multi
1100 335 1260 375 timent.

262 404 371 446 Male
405 403 639 457 imperando
671 402 876 443 summum
907 400 1127 452 imperium
1160 398 1381 439 amittitur.

261 469 412 510 Mulier
444 480 546 521 quae
578 466 720 507 multis
752 466 882 514 nubit,
915 463 1058 504 multis
1091 464 1170 503 11611
1202 462 1375 515 placet*
1607 463 1706 504 340.

264 573 303 607 II

263 643 492 686 Malevolus
524 643 684 683 animus
717 640 876 682 abditos
909 640 1051 681 (lentes
1083 639 1218 683 habet,

262 707 467 750 Medicina
500 706 748 748 calamitatis
781 706 845 746 est
877 703 1193 757 aequanimitas.

161 776 229 817 35.
262 772 478 814 Muliebris
509 771 679 812 lacrima
712 769 1018 810 condimentum
1051 769 1114 808 est
1145 764 1368 807 malitiae*

262 837 422 877 Metum
453 836 654 888 respicere
685 835 766 875 non
798 833 914 882 solet,
949 831 1142 886 quicquid
1173 832 1300 871 iuvat.
1349 865 1368 876 .,

263 901 373 942 Malo
407 901 532 941 etiam
561 912 719 952 parcas,
754 898 789 938 si
820 898 900 938 una
934 898 996 937 est
1027 895 1232 949 periturus
1265 894 1405 935 bonus.
1610 893 1709 935 3345.

262 964 462 1018 Magnum
494 972 633 1004 secum
665 962 782 1004 affert
814 961 970 1002 crimen
1002 959 1244 1012 indignatio.

263 1029 399 1071 Malus
434 1029 512 1069 etsi
542 1040 620 1069 non
653 1029 762 1080 pote,
795 1028 912 1079 posse
945 1025 1085 1066 obesse
1118 1024 1288 1076 cogitat.

160 1096 230 1138 40.
263 1095 387 1147 Mage
420 1092 516 1146 quid
548 1091 763 1133 calamitas
795 1090 946 1139 valeat,
980 1089 1048 1142 qui
1079 1088 1224 1137 nescit,
1257 1087 1382 1128 valet.

263 1158 380 1199 Mora
411 1156 677 1210 cogitationis
710 1154 928 1208 diligentia
961 1155 1035 1194 est.

266 1221 401 1263 Multa
432 1220 678 1274 ignoscendo
711 1220 763 1260 fit
793 1221 936 1273 potens
973 1217 1191 1271 potentior.
1609 1215 1719 1257 300.

266 1286 413 1327 Multis
444 1285 607 1339 placere
640 1285 740 1337 quae
774 1284 900 1336 cupit,
936 1282 1096 1336 culpam
1129 1281 1254 1333 cupit.

265 1351 481 1391 Minimum
518 1350 640 1402 eripit
671 1348 877 1396 Fortuna,
900 1360 994 1388 cum
1025 1346 1246 1386 minimum
1280 1344 1431 1385 dedit*

165 1419 234 1459 40.
267 1414 462 1456 Meretrix
495 1415 557 1454 est
588 1413 911 1454 instrumentum
944 1410 1228 1452 contumeliae.

266 1478 403 1520 Malus
434 1478 586 1519 bonum
618 1477 668 1518 ad
702 1490 744 1518 se
777 1477 985 1529 nunquam
1018 1475 1233 1516 consilium
1270 1472 1411 1514 refert.

267 1543 490 1585 Manifesta
523 1555 645 1583 causa
678 1542 817 1582 secum
849 1541 974 1582 habet
1006 1540 1269 1581 sententiam.
1617 1539 1715 1580 3:35.

267 1608 495 1648 Multorum
528 1606 763 1647 calamitate
796 1606 858 1646 vir
890 1605 1065 1646 moritur
1096 1604 1238 1645 bonus.

268 1672 408 1713 Metus
442 1671 645 1724 improbos
678 1670 915 1723 compescit,
948 1682 1028 1710 non
1061 1668 1294 1709 clementia.

165 1847 341 1879 nusquam
384 1834 454 1867 nisi
498 1839 536 1876 ρ’,
584 1844 768 1875 nunquam
811 1832 864 1865 Pa
905 1832 956 1871 R,
1009 1843 1269 1874 nonnunquam
1313 1830 1413 1864 Vinc.
1457 1830 1549 1864 Bell.
1596 1842 1649 1873 sp.
1688 1830 1720 1862 d.

165 1884 197 1924 4,
233 1883 325 1922 we,
361 1881 441 1925 plus
477 1892 584 1924 quam
619 1891 691 1913 11011
723 1880 802 1913 vult
836 1880 973 1913 invenit
1008 1879 1046 1914 C.
1080 1900 1124 1904 ——
1151 1878 1205 1913 29.
1235 1890 1296 1911 sua
1326 1883 1457 1911 natura
1489 1877 1647 1910 vescitur
1670 1876 1724 1910 Pa

164 1929 239 1970 RF,
266 1928 329 1963 Er.
356 1928 419 1963 Gr.
445 1928 509 1962 Be.
537 1926 597 1962 Or.
624 1927 690 1962 Bo.
718 1926 800 1960 Wo.
827 1926 884 1960 Ri.
913 1926 998 1969 Spe.
1025 1926 1209 1959 nascitura
1234 1925 1300 1958 Ph.
1334 1931 1466 1958 natura
1502 1936 1565 1957 sua
1590 1928 1624 1966 ρ’,
1661 1935 1725 1956 sua

170 1987 309 2011 venena
336 1976 499 2019 pascitur
526 1974 652 2017 scripsi
672 1972 716 2007 ex'
734 1974 826 2008 coni.
853 1978 1019 2007 vescetur
1035 1972 1076 2013 F,
1103 1973 1255 2007 vestitus
1276 1972 1314 2006 C.
1343 1992 1386 1997 --
1413 1972 1467 2006 31.
1495 1970 1567 2006 EC.
1597 1991 1639 1995 —
1666 1971 1724 2005 53⁸).

165 2023 271 2057 nubit
296 2022 335 2063 F,
364 2022 476 2055 nubet
501 2021 578 2062 PR,
604 2021 710 2054 nubit
735 2021 870 2061 multis,
898 2020 1021 2053 multis
1048 2032 1120 2054 11011
1145 2019 1265 2063 placet
1284 2019 1346 2054 Er.
1375 2040 1417 2043 —
1446 2019 1500 2053 33.
1528 2017 1724 2051 malivolus

167 2070 252 2105 WO.
279 2069 337 2104 Ri.
358 2069 441 2113 Spe.
479 2089 513 2093 -
539 2069 594 2103 35.
622 2080 650 2102 0.
678 2068 840 2101 malitiae
860 2072 915 2100 est
934 2067 996 2101 Gr.
1017 2067 1081 2102 Be.
1101 2066 1162 2101 Or.
1191 2070 1245 2100 est
1274 2078 1302 2101 0.
1323 2066 1484 2099 malitiae
1504 2065 1568 2099 Bo.
1597 2086 1638 2089 —
1668 2066 1724 2099 30.

167 2120 304 2151 metam
330 2116 422 2151 coni.
449 2115 608 2158 Maehly,
636 2118 754 2148 metus
769 2114 947 2158 Meyer-iffi,
977 2126 1045 2154 „an
1070 2113 1250 2147 malrum-⁴
1277 2113 1336 2148 Ri.
1364 2113 1421 2146 cui
1448 2112 1534 2155 quid
1560 2133 1603 2136 —
1631 2111 1722 2145 coni.

167 2164 349 2198 Halmius,
377 2163 525 2203 „malim
553 2162 682 2201 solent,
712 2162 740 2194 si
767 2162 994 2205 (11111110νὶ11*ι
1019 2161 1077 2195 Ri.
1105 2182 1148 2186 -—
1176 2161 1230 2195 38.
1258 2172 1429 2203 magnum
1447 2159 1586 2193 crimen
1605 2170 1725 2192 secum

166 2211 287 2245 adfert
312 2210 352 2248 F.
380 2210 444 2245 Grr.
472 2209 532 2244 Or.
560 2208 641 2242 wo.
678 2220 723 2243 m.
758 2220 879 2242 secum
913 2209 1019 2241 affert
1053 2219 1102 2242 cr.
1135 2208 1301 2250 reposuit
1327 2206 1512 2240 Nauckius
1545 2205 1725 2249 probante

166 2257 225 2293 Ri.
253 2257 297 2292 cf.
323 2257 389 2290 Bo.
416 2256 463 2290 ad
492 2256 600 2291 Publ.
626 2267 648 2289 v
685 2256 764 2290 413.
791 2267 924 2298 magna
951 2258 1007 2289 est
1033 2267 1116 2289 cum
1142 2255 1279 2289 crimen
1297 2254 1418 2287 adfert
1442 2253 1464 2288 i.
1484 2253 1576 2287 coni.
1595 2252 1660 2287 Bo.
1681 2273 1723 2276 —

169 2305 226 2340 39.
254 2304 363 2338 etiam
390 2304 420 2337 si
446 2303 574 2337 obesse
600 2314 673 2336 non
698 2305 823 2346 potest
847 2301 886 2343 F,
915 2302 983 2335 etsi
1009 2313 1039 2336 o.
1068 2314 1140 2336 non
1166 2304 1289 2345 potest
1313 2300 1371 2335 Ri.
1423 2299 1506 2344 Spe.
1534 2300 1603 2333 etsi
1631 2312 1661 2333 o.
1688 2311 1725 2333 11.

169 2355 255 2395 pote
282 2350 347 2385 Gr.
374 2350 443 2384 etsi
468 2362 541 2384 non
566 2353 653 2394 pote
687 2349 814 2393 scripsi
848 2360 893 2382 ex
928 2349 1020 2384 coni.
1055 2353 1177 2383 tamen
1210 2348 1349 2393 cogitat
1381 2347 1420 2388 F,
1461 2347 1525 2382 Grr.
1562 2346 1621 2380 Or.
1657 2346 1725 2380 Bo.

168 2402 241 2432 tam
268 2410 298 2432 0.
325 2397 388 2431 Bo.
416 2409 523 2440 posse
549 2398 675 2431 obesse
700 2397 839 2441 cogitat
865 2396 995 2439 scripsi
1022 2407 1066 2429 ex
1092 2396 1185 2430 coni.
1213 2416 1256 2420 ——
1289 2396 1344 2429 41).
1382 2395 1497 2438 magis
1530 2393 1629 2426 valet
1664 2393 1725 2436 qui

172 2445 289 2479 nescit
313 2443 352 2485 F,
379 2444 438 2479 Ri.
464 2456 571 2486 mage
598 2456 628 2478 v.
657 2456 690 2486 q.
718 2456 752 2478 n.
781 2443 844 2478 Grr.
873 2442 918 2477 cf.
946 2442 1052 2477 Publ.
1079 2442 1118 2477 M
1148 2444 1188 2477 15
1215 2442 1318 2486 (323)
1345 2441 1407 2476 Or.
1434 2441 1517 2475 Wo.
1544 2440 1641 2483 quod
1666 2451 1727 2472 va-

168 2492 220 2526 let
245 2491 433 2526 calamit-as
459 2490 498 2531 F,
518 2491 576 2525 Ri.
604 2490 701 2534 quod
727 2490 916 2524 calamitas
942 2501 974 2524 V.
1003 2489 1086 2523 Wo.
1119 2490 1183 2534 (cf.
1213 2489 1361 2532 Proleg.
1389 2500 1423 2531 p.
1451 2488 1511 2532 54)
1536 2487 1727 2521 calamitas

172 2539 259 2582 quid
285 2538 384 2572 valet
411 2538 475 2573 Gr.
503 2537 564 2573 Or.
592 2541 766 2581 quantum
792 2537 915 2570 valeat
940 2536 1127 2570 calamitas
1161 2536 1353 2580 proposuit
1378 2535 1436 2569 Ri.
1472 2547 1518 2569 m.
1553 2535 1593 2567 is.
1630 2534 1727 2567 valet

171 2585 231 2629 qui
267 2586 335 2619 scit
367 2585 455 2628 quid
486 2585 608 2618 valeat
642 2596 672 2618 c.
708 2584 800 2618 coni.
835 2583 903 2618 Ed.
938 2583 1123 2617 Beckerus
1150 2584 1247 2627 apud
1273 2582 1356 2626 Spe.
1383 2581 1488 2615 Publ.
1515 2593 1547 2616 v.
1575 2581 1653 2615 340.
1682 2600 1724 2604 -2

169 2633 225 2667 42.
252 2632 369 2665 multa
394 2630 434 2672 F,
461 2632 577 2665 multo
604 2631 688 2675 Spe.
718 2630 942 2673 „Probarem
969 2630 1142 2664 discendo
1169 2631 1242 2673 (vel
1268 2629 1494 2674 gnoscendo)
1525 2628 1641 2661 multa
1666 2627 1725 2660 vel

176 2679 332 2712 multum
356 2679 587 2723 gnosceiido“
616 2678 674 2713 Ri.
702 2698 745 2703 -—
770 2678 825 2712 43.
853 2677 1000 2720 culpam
1026 2678 1124 2721 capit
1148 2677 1188 2717 F,
1217 2677 1279 2710 Gr.
1308 2687 1337 2711 0.
1365 2676 1466 2719 cupit
1490 2675 1544 2709 ed.
1564 2675 1644 2718 Bip.
1664 2673 1726 2707 Or.

172 2725 238 2759 Bo.
265 2725 347 2759 Wo.
366 2725 424 2760 Ri.
445 2724 529 2769 Spe.
556 2746 600 2750 —-
627 2726 682 2760 44.
707 2736 788 2758 011111
806 2723 845 2764 Ε,
867 2724 928 2759 Gr.
948 2722 1032 2767 Spe.
1060 2725 1117 2758 0111
1142 2724 1235 2758 00111.
1254 2723 1317 2757 Be.
1337 2722 1398 2756 Or.
1418 2722 1482 2757 Bo.
1501 2721 1585 2755 Wo.
1604 2722 1662 2755 Ri.
1684 2741 1725 2744 -—

175 2773 232 2807 45.
260 2775 313 2806 est
339 2772 441 2806 instr.
469 2772 531 2808 Gr.
559 2773 662 2806 instr.
689 2775 744 2806 est
768 2771 808 2806 F.
837 2792 879 2795 —
907 2770 962 2805 48.
990 2770 1198 2805 calamitate
1227 2770 1268 2812 F,
1297 2770 1359 2805 Gr.
1387 2770 1446 2804 Or.
1474 2768 1538 2803 Bo.
1559 2768 1640 2811 Spe.
1668 2778 1726 2801 ca-
