1967 3090
859 81 1180 124 —184—

240 202 358 239 tranq.
402 197 509 230 anim.
548 194 632 230 XV.
673 196 703 230 6.
744 195 799 230 ad.
827 195 940 230 Marc.
980 195 1025 231 de
1063 196 1199 230 consol.
1235 193 1342 230 XIX.
1371 197 1400 230 1.
1429 194 1553 240 Quint.
1581 194 1647 230 VI.
1683 197 1712 237 1,
1739 196 1798 232 45.

243 243 586 288 Longinquum,
626 242 724 286 quod
758 243 917 277 correxit
943 241 1132 283 Gruterus,
1172 254 1254 276 cum
1291 243 1329 276 in
1361 242 1390 277 F
1423 242 1568 287 legatur
1593 243 1796 287 longum,

242 290 404 324 Orellius
431 289 629 333 explicavit
654 300 673 323 6
699 290 898 334 longinquo
924 290 1133 335 petendum,
1161 290 1280 324 minus
1299 292 1409 331 recte,
1437 301 1519 324 cum
1546 292 1582 325 et
1607 290 1648 324 lo
1661 291 1796 336 ngin

241 348 378 381 quum
404 339 440 371 et
465 337 648 381 longum
675 348 747 370 non
775 336 819 371 de
846 337 1020 378 locorum,
1049 337 1111 371 sed
1137 337 1182 371 de
1207 337 1384 381 temporis
1411 337 1537 398 spatio
1548 337 1799 381 accipiendum

241 385 298 419 sit.
351 383 559 475 Sententiap
550 364 730 418 ”multum
764 395 806 419 ac
838 395 946 429 saepe
979 387 1139 418 tractata
1173 387 1228 418 est
1253 384 1299 418 cf.
1326 383 1433 419 Publ.
1459 383 1490 418 E
1518 385 1538 419 3
1565 385 1680 429 (149).
1707 384 1737 419 Τ
1764 386 1796 421 8.

243 430 501 477 [0366133111.
535 443 570 475 p.
615 432 662 465 19.
690 430 791 465 Mon.
825 430 854 465 I.
885 432 926 466 15
954 431 1071 476 (Sent.
1101 431 1214 477 183)].
1250 430 1370 465 Plaut.
1397 430 1509 465 Poen.
1537 430 1609 465 III.
1648 433 1677 473 1,
1708 433 1737 467 1.
1763 434 1797 468 2.

241 479 314 512 Cic.
357 477 460 513 Verr.
499 477 566 514 IV.
608 478 661 519 18,
697 479 753 514 39.
788 477 887 514 Petr.
921 478 995 514 Sat.
1035 479 1087 514 10.
1135 478 1219 513 Sen.
1265 477 1439 523 Excerpt.
1475 478 1600 514 Contr.
1640 478 1726 513 VII
1765 480 1800 514 7.

240 537 274 570 p.
302 525 381 560 461.
409 525 463 561 6(1.
490 524 561 570 Bip
538 537 571 570 p.
600 505 684 560 Seii.
712 525 822 561 Herc.
850 525 933 561 Fur.
962 526 1040 561 587.

338 573 390 607 12.
418 571 598 616 Equidem
616 584 697 607 cum
715 574 753 607 in
771 573 937 607 omnibus
955 573 1013 607 his
1040 572 1301 607 additamentis
1319 572 1640 617 interpolationem
1665 573 1798 617 potius,

240 631 347 662 quam
373 631 497 654 veram
524 621 654 664 poetae
686 631 834 655 manum
861 632 1029 666 agnosc0,
1062 624 1142 654 tum
1168 623 1244 653 tua
1270 630 1472 663 pronomen
1498 619 1544 654 ad
1571 620 1711 664 culpa
1736 620 1798 655 ad-

241 667 358 701 ditum
391 667 442 701 ita
475 667 620 701 videtur
651 668 836 712 languere,
869 671 909 702 ut
935 667 1063 702 melius
1098 667 1423 711 praetermittatur.
1466 666 1799 711 Interpolationem

241 718 363 748 autem
390 714 475 748 inde
502 718 619 749 ortam
647 726 725 749 esse
751 715 871 756 credo,
905 715 1001 759 quod
1027 715 1115 759 quid
1140 715 1302 759 lapsus
1330 716 1425 748 esset
1450 726 1577 758 parum
1604 718 1801 751 constaret.

241 761 382 796 Versus
401 762 496 796 enim
515 762 629 796 verba
647 762 698 797 sic
717 765 927 797 construere
954 762 1091 797 solent:
1121 761 1159 796 Si
1182 761 1304 806 lapsus
1324 762 1435 795 semel
1453 762 1586 796 iterum
1612 762 1798 803 cecideris,

241 808 350 853 culpa
384 809 436 842 fit.
487 808 594 852 Quod
628 809 707 844 fieri
742 821 865 844 versus
905 809 1120 854 compositio
1160 820 1233 842 non
1270 809 1419 853 patitur,
1460 820 1550 852 quae
1583 820 1625 843 ea
1655 812 1721 851 est,
1758 813 1800 844 ut

239 856 405 900 lapsus
432 867 503 889 non
521 868 588 900 pro
607 857 709 891 verbi
727 857 931 901 participio,
960 857 1024 891 sed
1041 868 1109 901 pro
1129 856 1359 890 substantivo
1384 855 1513 890 haberi
1539 856 1683 892 debeat.
1722 856 1802 891 Nec

240 903 332 937 adeo
366 903 541 938 adverbio
576 905 717 939 semel
752 915 843 948 opus
877 904 1016 945 fuisset,
1059 904 1087 937 si
1122 905 1232 948 poe'ta
1258 904 1400 947 lapsum
1427 906 1514 944 tum,
1552 915 1632 938 cum
1665 905 1800 938 iterum

240 950 444 992 cecidisset,
480 951 623 995 culpam
659 954 908 985 sustenturum
935 962 1013 986 esse
1040 951 1161 986 dicere
1188 951 1375 986 voluisset.
1427 950 1521 984 Sunt
1547 952 1608 994 qui
1634 951 1799 996 lapsus

240 998 381 1032 semel
408 1010 473 1042 per
498 998 653 1043 figuram
678 999 824 1043 hyphen
851 999 991 1033 dictum
1017 1001 1200 1039 censeant,
1228 1000 1269 1032 ut
1293 997 1391 1041 apud
1410 996 1522 1043 Verg.
1542 999 1634 1032 Aen.
1660 998 1690 1033 I.
1719 999 1800 1034 198.

239 1048 345 1078 ante
371 1046 596 1080 malorum
623 1049 685 1080 aut
711 1046 808 1090 apud
834 1046 917 1082 Ter.
943 1045 1063 1080 Andr.
1091 1045 1122 1080 I.
1149 1045 1181 1086 2,
1208 1045 1242 1079 4.
1269 1055 1454 1088 semper
1479 1045 1656 1079 lenitas
1681 1044 1718 1091 (ἡ
1744 1045 1799 1079 ἀεὶ

240 1093 414 1136 πραότης)
440 1092 486 1128 cf.
513 1092 706 1127 Ruhnken.
734 1093 830 1128 Dict.
860 1093 907 1127 ad
931 1093 966 1128 h.
995 1093 1016 1125 l.
1044 1105 1079 1136 p.
1098 1093 1153 1127 25.
1173 1092 1228 1127 ed.
1249 1090 1429 1135 Schopen.
1470 1091 1545 1126 Sed
1562 1092 1663 1126 illam
1683 1095 1799 1127 struc-

239 1142 359 1174 turam
395 1140 503 1174 etiam
529 1140 726 1175 verborum
752 1140 880 1174 ordine
906 1140 1021 1174 vetari
1056 1150 1162 1173 nemo
1188 1150 1261 1174 non
1287 1139 1399 1173 videt.
1426 1138 1480 1174 Cf.
1510 1138 1621 1184 Verg.
1648 1141 1741 1176 Aen.
1768 1140 1800 1177 Ι.

241 1187 296 1221 21.
332 1186 426 1221 Ηο1·.
464 1187 582 1223 Carm.
615 1187 689 1223 III.
725 1188 778 1228 17,
807 1188 838 1223 9.
873 1187 955 1222 Liv.
981 1188 1037 1228 23,
1065 1186 1119 1221 16.
1159 1185 1238 1220 Iam
1264 1197 1351 1220 vero
1379 1187 1419 1219 ut
1444 1185 1539 1220 labi
1566 1189 1603 1221 et
1628 1187 1800 1223 cadere

240 1233 387 1275 dicitur,
421 1235 483 1277 qui
515 1234 695 1279 delinquit
721 1234 779 1269 vel
805 1237 943 1278 peccat,
971 1234 1016 1268 cf.
1046 1233 1129 1268 Sen.
1157 1233 1202 1267 de
1228 1233 1269 1269 ir.
1295 1232 1348 1267 II.
1375 1234 1431 1273 31,
1458 1234 1490 1269 4.
1518 1245 1572 1278 ep.
1599 1233 1750 1270 XVIII.
1776 1236 1799 1270 4

240 1281 342 1325 (107)
369 1282 420 1316 2.;
460 1283 512 1315 ita
546 1282 703 1326 lapsus
737 1281 912 1316 delictum
944 1281 1002 1315 vel
1036 1283 1229 1325 peccatum
1261 1283 1413 1315 vocatur
1447 1280 1491 1314 cf.
1520 1280 1602 1316 Sen.
1629 1281 1674 1316 de
1700 1282 1742 1318 ir.
1768 1282 1799 1319 Ι.

242 1328 297 1368 19,
326 1328 357 1363 6.
386 1328 460 1363 III.
489 1329 520 1367 6,
549 1329 580 1364 6.
618 1329 850 1363 Adverbium
886 1331 1009 1363 autem
1041 1328 1178 1362 semel
1211 1328 1269 1362 vel
1303 1328 1425 1372 prisca
1451 1327 1632 1363 scribendi
1658 1329 1800 1365 ratione

242 1375 388 1409 semul
414 1377 475 1420 (cf.
495 1375 619 1412 Bentl.
638 1376 684 1411 ad
702 1376 793 1411 Hor.
814 1376 929 1411 Serm.
947 1375 1000 1410 II.
1020 1376 1051 1416 8,
1071 1376 1147 1419 24.)
1175 1374 1356 1420 significat
1382 1375 1497 1417 cito,
1526 1375 1798 1418 confestim,

240 1423 337 1466 quod
364 1422 498 1458 Graeci
524 1423 652 1458 dicunt
676 1424 781 1465 ἅπαξ,
810 1435 875 1458 1103
903 1423 1058 1457 dicimus
1084 1423 1153 1456 mit
1180 1422 1298 1456 einem
1315 1421 1391 1456 Mal
1418 1422 1464 1456 cf.
1491 1421 1591 1458 SerV.
1618 1423 1665 1458 ad
1682 1423 1799 1470 Verg.

238 1471 331 1504 Aen.
361 1469 431 1506 XI.
458 1470 536 1506 418.
566 1471 670 1506 Ovid.
697 1471 787 1507 Her.
807 1470 852 1506 V.
880 1471 958 1506 104.
985 1470 1129 1514 deperit
1153 1470 1219 1504 illa
1243 1469 1455 1515 (pudicitia)
1481 1470 1631 1506 semel.
1651 1470 1723 1506 Sen
1742 1472 1799 1508 ad.

237 1516 346 1552 Heiv.
379 1517 423 1551 de
451 1518 587 1553 consol.
614 1517 726 1554 XIII.
754 1519 785 1554 3.
813 1529 870 1563 ep.
897 1517 988 1553 VII.
1014 1518 1035 1551 4
1060 1518 1141 1563 (66)
1168 1518 1199 1552 7.
1226 1516 1316 1551 11366
1342 1517 1419 1551 61113
1446 1520 1501 1551 est
1526 1517 1649 1560 facies,
1677 1519 1706 1552 si
1733 1519 1799 1553 sub

239 1576 352 1598 unum
379 1565 502 1599 veniat
536 1565 751 1610 adspectum
785 1568 823 1600 et
848 1565 989 1600 semel
1014 1567 1092 1599 tota
1118 1576 1156 1599 se
1183 1564 1364 1599 ostendat.
1392 1576 1445 1608 ep.
1474 1563 1586 1600 VIII.
1614 1565 1635 1600 2
1661 1566 1740 1611 (71)
1767 1566 1801 1602 9.

239 1623 285 1646 116
311 1611 382 1646 1106
409 1612 555 1656 quidem
589 1613 743 1648 miserae
768 1613 992 1658 reipublicae
1026 1612 1214 1657 continget
1248 1611 1388 1646 3611161
1415 1623 1531 1646 ruere.
1559 1623 1614 1656 ep.
1641 1612 1751 1648 VIII.
1778 1614 1800 1649 2

241 1659 323 1704 (71)
351 1660 406 1695 31.
446 1660 754 1703 quemadmodum
787 1661 872 1694 lana
905 1659 1088 1704 quondam
1124 1659 1264 1693 colores
1300 1660 1443 1693 semel
1477 1659 1587 1701 ducit,
1623 1661 1800 1704 quosdam

240 1706 313 1740 nisi
346 1707 490 1751 saepius
525 1711 710 1742 macerata
745 1710 782 1742 et
811 1711 957 1742 recocta
992 1710 1048 1741 est
1071 1718 1146 1740 non
1171 1706 1351 1751 perbibit:
1391 1706 1443 1740 sic
1470 1707 1559 1740 alias
1587 1707 1800 1752 disciplinas

241 1754 397 1799 ingenia,
434 1765 517 1788 611111
548 1766 730 1799 accepere,
770 1755 938 1799 protinus
973 1756 1173 1798 praestant.
1201 1765 1256 1797 ep.
1284 1753 1352 1787 IX.
1383 1755 1399 1787 1
1428 1754 1507 1798 (72)
1536 1754 1568 1788 6.
1595 1756 1737 1789 3611161
1762 1756 1799 1789 111

240 1804 358 1835 totum
386 1804 535 1836 sanatur
559 1803 744 1847 (3111111113).
784 1814 839 1847 ep.
866 1801 935 1836 IX.
969 1803 988 1835 5
1015 1802 1106 1847 (76).
1143 1802 1173 1836 6.
1200 1801 1315 1835 virtus
1349 1800 1387 1834 in
1413 1803 1449 1834 te
1481 1812 1555 1834 non
1580 1801 1728 1837 incidet.
1754 1814 1803 1838 ne

240 1848 312 1882 levi
346 1849 494 1891 quidem
527 1860 638 1893 opere
673 1852 735 1883 aut
768 1861 882 1894 parvo
908 1848 1035 1883 labore
1062 1849 1305 1893 cognoscitur,
1341 1847 1405 1882 sed
1431 1851 1486 1882 est
1511 1849 1605 1882 tanti
1631 1849 1799 1884 laborare

241 1895 364 1929 omnia
381 1895 478 1929 bona
505 1907 594 1930 sem
606 1897 647 1930 el
666 1900 900 1941 occupaturo.
927 1895 1059 1939 Itaque
1077 1895 1213 1930 semel
1230 1907 1304 1929 non
1321 1907 1403 1930 cum
1429 1895 1605 1940 lapsus,
1634 1897 1699 1931 sed
1717 1908 1800 1931 cum

240 1942 352 1976 verbo
391 1943 451 1977 fit
484 1944 781 1988 coniungendum
815 1948 880 1985 est,
918 1944 970 1977 ita
1007 1946 1048 1977 ut
1082 1942 1262 1977 sententia
1299 1943 1479 1987 lapsum
1513 1943 1707 1978 confestim
1739 1944 1800 1979 vel

239 1990 339 2024 illico
366 1991 547 2035 culpam
572 1991 650 2025 fieri
676 1991 816 2031 doceat,
845 1992 874 2026 si
901 1991 1034 2025 iterum
1059 1990 1181 2034 lapsus
1207 1990 1329 2025 fueris,
1378 1990 1544 2024 Acumen
1571 1994 1693 2025 autem
1719 2003 1799 2026 sen-

239 2038 379 2071 tentiae
405 2038 442 2071 in
476 2049 518 2072 60
546 2039 656 2072 situm
683 2043 748 2080 est,
784 2039 881 2083 quod
908 2038 1026 2082 culpa,
1062 2049 1144 2072 cum
1169 2048 1213 2072 ex
1240 2040 1340 2071 certo
1368 2037 1525 2081 quodam
1552 2038 1685 2073 delicto
1713 2050 1800 2073 con—

238 2084 417 2125 trahatur,
456 2088 580 2119 tamen
614 2097 687 2120 non
721 2087 846 2120 statim
879 2098 921 2120 ex
954 2086 1083 2129 primo,
1120 2085 1184 2120 sed
1219 2096 1263 2118 ex
1290 2084 1449 2119 secundo
1485 2084 1631 2119 demum
1665 2085 1798 2121 delicto

240 2132 408 2166 contrahi
443 2132 589 2168 dicitur.
654 2133 759 2177 Quod
793 2133 883 2167 dicit
918 2132 991 2167 Cic.
1026 2132 1127 2168 Fam.
1161 2131 1205 2167 X.
1243 2132 1297 2166 20.
1333 2143 1428 2166 nunc
1461 2143 1547 2166 vero
1582 2133 1692 2166 etiam
1726 2134 1799 2167 iam

239 2179 372 2213 erroris
400 2190 507 2214 causa
533 2180 677 2214 sublata
694 2184 765 2223 est3
794 2181 901 2224 culpa
918 2181 1015 2215 enim
1040 2179 1104 2213 illa
1129 2179 1200 2213 bis
1228 2179 1282 2212 ad
1308 2179 1496 2213 eundem
1515 2180 1660 2225 vulgari
1676 2191 1797 2224 repre-

238 2226 352 2260 hensa
390 2227 584 2270 proverbio
623 2231 688 2269 est,
728 2228 765 2261 id
803 2228 899 2261 redit
937 2227 984 2261 ad
1018 2226 1241 2261 Graecorum
1279 2226 1524 2270 proverbium.
1564 2227 1661 2271 quod
1694 2228 1801 2262 affert

239 2273 396 2318 Diogen.
424 2273 493 2309 IV.
524 2275 576 2310 19.
611 2273 662 2310 lig
695 2275 783 2319 πρὸς
815 2275 880 2308 τὸ]
914 2289 951 2306 ιιι
948 2274 1025 2307 ’·’τὸι
1051 2273 1195 2321 αἰσχοὸι
1221 2286 1307 2318 71009
1311 2274 1448 2318 κοοιέιι·
1475 2272 1585 2307 Λίθον
1612 2274 1666 2310 Cf.
1686 2274 1799 2309 Leut-

240 2320 331 2354 schii
368 2323 404 2354 et
430 2320 699 2356 Schneidewini
725 2321 976 2366 Paroemiogr.
1012 2306 1141 2356 Graec.
1166 2324 1252 2356 tom.
1280 2320 1309 2354 I.
1338 2332 1372 2364 p.
1399 2321 1478 2355 235.
1505 2320 1648 2356 Erasm.
1674 2322 1796 2366 Adag.

300 2367 380 2403 428.

237 2379 272 2411 p
339 2415 391 2449 13.
427 2414 523 2458 Quid
555 2416 669 2450 iratus
703 2427 770 2460 pei
803 2417 895 2450 iram
927 2419 1063 2460 peccet,
1104 2415 1162 2450 lex
1197 2415 1330 2450 acriter
1364 2416 1571 2458 cognoscit3
1603 2416 1684 2475 ipse
1710 2428 1797 2451 vero

239 2461 358 2505 legem
383 2465 521 2496 temere
546 2463 727 2507 neglegit
777 2463 833 2497 De
868 2464 1050 2497 sententia
1076 2463 1120 2499 cf.
1146 2462 1239 2500 Xen.
1267 2462 1365 2497 Hell.
1396 2443 1441 2498 V.
1469 2462 1499 2503 3,
1552 2491 1559 2498 .
1595 2463 1613 2506 1²]
1639 2465 1705 2506 μὲι
1730 2463 1799 2509 μὲι)

240 2507 326 2554 ὀργὴ
353 2507 815 2554 (1700107101Sffll.de
849 2511 891 2546 ir.
918 2510 969 2546 II.
997 2511 1052 2552 16,
1088 2512 1118 2546 5.
1146 2510 1278 2555 legum,
1307 2509 1377 2543 nisi
1404 2521 1474 2553 qua
1500 2514 1644 2553 nocent.
1670 2512 1796 2545 imme-

239 2566 382 2591 mores..

337 2604 391 2638 14.
419 2603 497 2637 Aut
521 2604 887 2657 interpretamentum
907 2608 961 2639 est
979 2617 1102 2640 versus
1127 2605 1291 2649 proxime
1308 2604 1568 2645 antecedentis,
1596 2608 1635 2638 ut
1652 2604 1799 2638 videtur

240 2648 466 2691 lVoelfflino,
494 2655 556 2685 aut
583 2652 611 2685 si
638 2651 787 2686 Publilii
814 2652 892 2693 fuit.
920 2652 1149 2687 antecedenti
1176 2651 1381 2685 simillimus
1409 2650 1488 2686 fuit.

338 2698 391 2732 15.
420 2696 490 2741 Qui
514 2699 551 2732 in
575 2699 771 2733 solitudine
786 2690 900 2733 vitam
915 2699 1026 2744 degit,
1049 2711 1122 2733 non
1136 2699 1216 2745 lege
1232 2698 1370 2732 solutus
1387 2701 1453 2740 est,
1469 2698 1531 2733 sed
1547 2701 1661 2733 semet
1676 2698 1796 2742 ipsum
