1967 3090
873 85 1185 127 —194—

251 204 294 238 23
321 203 434 247 (188).
470 201 508 236 Η
534 202 578 236 22
604 202 720 246 (224).
755 200 774 234 Ι
800 202 820 236 6
848 201 962 245 (235).
1000 200 1019 234 Ι
1049 200 1089 235 13
1116 200 1228 244 (242).
1255 198 1275 233 Ι
1300 199 1344 233 29
1371 199 1485 243 (258).
1513 197 1532 232 Ι
1559 198 1599 233 61
1630 198 1744 242 (291).
1771 197 1810 232 Μ

250 251 294 285 27
332 251 446 294 (335).
488 249 524 283 M
559 249 605 284 30
638 249 750 293 (338).
794 247 827 282 N
859 249 904 283 22
939 248 1055 293 (398).
1099 246 1128 280 N
1163 247 1207 281 44
1245 246 1358 291 (420).
1398 244 1428 280 O
1467 246 1508 280 13
1544 246 1659 290 (448).
1699 243 1732 288 Q
1765 245 1809 280 24

252 298 368 342 (524).
409 296 442 340 Q
468 297 512 331 38
548 296 663 341 (538).
697 294 730 339 Q
756 295 800 330 53
825 296 943 341 (553).
983 294 1015 338 Q
1035 294 1214 339 641564).
1252 293 1309 328 De
1344 293 1525 328 sententia
1557 292 1601 328 cf.
1629 292 1736 327 Publ.
1769 291 1811 326 M

253 345 298 380 32
323 345 436 390 (340).
477 344 510 388 Q
535 344 580 378 32
607 344 720 387 (532).
760 342 882 378 Plaut.
909 343 1024 377 Poen.
1054 341 1098 375 V.
1126 342 1158 382 4,
1186 342 1242 377 33.
1271 341 1326 376 34,
1361 340 1476 374 multa
1509 343 1592 374 sunt
1618 339 1811 374 mulierum

252 392 361 425 vitia:
402 391 463 425 sed
498 391 567 424 hoc
602 402 619 424 e
645 390 770 424 multis
796 391 995 424 maximum
1022 392 1086 429 est,
1123 401 1205 423 cum
1232 388 1300 422 sibi
1326 388 1432 421 nimis
1459 388 1607 432 placent
1633 387 1812 431 nimisque

253 450 402 483 operam
429 439 526 479 dant,
554 441 594 472 ut
620 438 791 482 placeant
819 438 914 472 viris.

348 491 403 525 44.
447 490 557 525 Cum
582 491 604 525 i.
632 502 662 526 e.
696 493 775 524 tum
801 501 893 531 cum,
934 502 998 525 nos
1026 490 1199 525 dicimus:
1243 489 1298 523 da
1330 499 1404 522 wo,
1439 488 1492 522 Cf.
1529 487 1613 522 Sen.
1639 486 1812 531 Excerpt.

253 538 425 572 Controv.
455 538 500 572 V.
530 540 559 573 1.
586 550 619 582 p.
648 538 727 573 428.
755 537 811 572 ed.
838 537 919 582 Bip.
945 538 1077 580 „Ludit
1102 537 1148 571 de
1175 536 1247 570 suis
1274 536 1419 569 fortuna
1442 535 1649 569 muneribus
1668 537 1705 568 et
1721 545 1814 578 quae

254 586 366 627 dedit,
408 586 526 620 aufert
565 589 601 620 et
634 596 726 629 quae
760 585 922 625 abstulit,
957 585 1096 620 reddit:
1136 595 1251 627 neque
1285 594 1445 626 unquam
1478 582 1590 616 tutius
1625 584 1681 616 est
1711 582 1814 616 illam

255 633 436 714 ἓΧ-ῗθΓὲἳὶ.
453 644 670 714 (Ῑῗῖὲωρὲἓὲῗ
695 631 1145 714 ¹23umxfini¹l¹'i?1⁰;h¹1¹1⁰{r1¹¹
1148 630 1372 713 ἷῗθὲέὲωῗέ
1371 630 1475 711 ξω
1492 630 1813 711 sessffinllssffitpff'

256 692 385 809 611ng
392 729 478 809 x(753)
506 728 559 763 18.
587 709 684 771 quod
709 692 790 761 noii-
807 707 911 762 dedit
926 708 1095 768 'sm-tuna,
1123 691 1195 761 iibn
1221 726 1341 770 eripit.
1366 705 1372 718 ⁷
1393 724 1447 760 Cf.
1475 690 1651 759 Rsibbeck.
1679 688 1814 758 Corolll:

256 787 291 819 p.
471 803 478 810 .

360 829 417 863 45.
444 828 683 862 Instrume
697 831 822 862 ntum
847 838 946 868 voco,
972 827 1091 870 inquit
1105 826 1230 871 Quint.
1257 825 1308 861 II.
1324 826 1379 867 21,
1395 826 1462 865 24..
1490 826 1566 859 sine
1582 835 1652 868 quo
1666 823 1817 858 formari

256 876 410 910 materia
436 879 471 910 et
496 876 534 909 in
560 875 598 909 id
625 876 723 919 quod
740 875 893 909 velimus
918 874 1015 908 effici
1033 886 1123 919 opus
1146 886 1218 908 non
1235 874 1362 918 possit.
1407 872 1505 906 Hinc
1531 872 1674 906 videtur
1699 871 1817 904 ironia

257 923 316 957 vel
341 923 526 957 simulatio
553 922 730 966 quaedam
756 922 794 956 in
820 922 1001 956 sententia
1027 922 1156 962 inesse,
1184 921 1287 964 quasi
1314 922 1380 955 hoc
1400 920 1499 954 dicat
1516 922 1646 964 poeta:
1674 922 1715 952 tu
1740 918 1816 962 qui-

258 970 352 1011 dem,
381 971 410 1004 si
436 970 669 1004 meretricem
688 970 858 1014 sequeris,
887 970 1090 1012 assequeris
1110 968 1378 1008 contumeliam,
1407 968 1569 1011 quamvis
1588 966 1689 1001 nullo
1707 965 1815 1000 modo

257 1018 399 1061 assequi
424 1018 594 1059 volueris,
621 1018 679 1051 vel
706 1017 853 1052 invitus.
904 1016 964 1054 Sic
984 1016 1075 1050 dixit
1094 1016 1176 1051 Sen.
1197 1027 1251 1060 ep.
1278 1015 1319 1049 Π
1357 1016 1378 1050 2
1404 1015 1485 1060 (14)
1512 1015 1543 1050 6.
1571 1015 1817 1048 instrumenta

257 1065 404 1099 doloris
441 1064 487 1099 V.
518 1066 534 1100 1
570 1065 651 1110 (42)
676 1065 707 1099 3.
742 1065 985 1098 instrumenta
1024 1063 1263 1107 explicandae
1299 1063 1493 1105 nequitiae.
1530 1061 1597 1095 IX.
1626 1062 1645 1096 3
1679 1061 1757 1106 (74)
1786 1061 1815 1095 1.

257 1112 455 1146 maximum
479 1113 763 1146 instrumentum
788 1112 917 1146 beatae
943 1111 1050 1146 vitae.
1102 1110 1236 1144 Cruces
1264 1110 1556 1144 adolescentibus
1592 1111 1676 1142 sunt
1701 1119 1815 1142 mere-

257 1160 366 1194 trices
394 1160 492 1204 apud
518 1159 599 1194 Ter.
626 1159 718 1194 Eun.
746 1158 797 1194 ΙΙ.
825 1160 855 1200 3,
885 1159 940 1194 92.

354 1213 410 1248 46.
436 1213 556 1248 Malus
582 1213 675 1246 nihil
701 1223 861 1256 unquam
886 1211 973 1245 boni
999 1211 1142 1246 consilii
1168 1211 1206 1244 in
1232 1210 1395 1244 animum
1421 1221 1524 1243 suum
1550 1208 1725 1242 admittit.
1763 1207 1816 1243 Cf.

260 1260 344 1294 Sen.
372 1272 426 1305 ep.
454 1260 559 1296 XVI.
587 1262 607 1296 3
635 1260 714 1305 (98)
741 1260 773 1294 3.
813 1258 932 1293 Malus
960 1259 1082 1292 omnia
1108 1259 1145 1292 in
1172 1258 1310 1292 malum
1333 1258 1456 1298 vertit,
1484 1256 1595 1291 etiam
1621 1267 1711 1300 quae
1736 1266 1818 1290 cum

259 1307 378 1352 specie
404 1308 535 1352 optimi
561 1310 746 1342 venerant.

356 1361 413 1396 47.
441 1360 557 1394 Causa
584 1361 684 1394 clara
710 1364 745 1393 et
765 1362 892 1404 aperta
918 1370 993 1393 non
1018 1359 1181 1393 iudicum
1206 1359 1317 1403 longa
1343 1357 1609 1402 disceptatione
1633 1358 1727 1401 eget,
1755 1355 1819 1390 sed

258 1419 324 1452 per
352 1419 389 1442 se
416 1408 584 1442 omnibus
611 1408 759 1452 cognita
785 1410 822 1441 et
848 1407 1040 1451 explorata
1065 1409 1133 1441 est.

354 1461 409 1495 48.
439 1461 724 1495 Calamitate
761 1460 944 1494 ablativus
978 1459 1079 1493 modi
1107 1462 1171 1500 est,
1206 1459 1306 1493 cuius
1334 1470 1376 1493 ea
1401 1461 1564 1502 potestas
1591 1460 1656 1498 est,
1683 1459 1723 1490 ut
1749 1467 1820 1500 qua

260 1508 399 1552 aliquid
432 1508 496 1542 fiat
521 1520 643 1542 rerum
679 1508 931 1542 condicionem
959 1506 1152 1552 significet.
1203 1505 1322 1550 Quare
1349 1506 1602 1539 multorum
1627 1503 1817 1538 calami-

260 1559 355 1590 tate
388 1556 485 1590 idem
521 1559 575 1590 est
608 1559 715 1599 atque
750 1555 849 1590 dicas
876 1555 995 1589 virum
1028 1554 1168 1588 bonum
1194 1554 1244 1588 ita
1269 1554 1373 1594 mori,
1411 1556 1451 1587 ut
1477 1564 1559 1586 cum
1593 1552 1668 1587 eius
1702 1553 1820 1585 morte

258 1603 458 1637 multorum
483 1604 541 1638 vel
568 1603 764 1647 multiplex
790 1603 947 1636 ali-orum
972 1602 1164 1635 hominum
1191 1601 1378 1636 calamitas
1406 1601 1600 1635 coniuncta
1627 1599 1684 1632 sit.
1723 1597 1820 1632 Vide

260 1651 305 1685 de
332 1651 406 1685 eius
435 1651 587 1685 ablativi
612 1662 681 1684 usu
707 1649 835 1684 Heldii
861 1650 982 1684 adnot.
1017 1649 1063 1682 ad
1091 1648 1193 1683 Caes.
1222 1649 1267 1683 de
1293 1649 1377 1683 bell.
1406 1648 1472 1682 civ.
1500 1647 1530 1681 I.
1557 1647 1612 1682 85.
1639 1645 1685 1680 cf.
1712 1645 1818 1680 Corn.

260 1697 353 1742 Nep.
381 1698 466 1732 Dat.
486 1697 596 1732 VIII.
625 1698 655 1732 5.
683 1709 766 1731 cum
792 1697 931 1731 bellum
956 1697 1039 1731 duci
1066 1697 1243 1730 maiore
1269 1696 1365 1740 regis
1392 1695 1685 1735 calamitate,
1713 1704 1821 1736 quam

261 1746 557 1780 adversariorum
583 1745 736 1780 videret.

356 1799 410 1834 49.
439 1798 494 1833 Cf.
522 1798 628 1833 Publ.
655 1798 685 1832 P
711 1798 755 1832 45
781 1798 893 1842 (494).
922 1796 954 1840 Q
980 1798 1023 1832 53
1050 1798 1163 1842 (553).

356 1852 410 1887 50.
438 1851 598 1886 Versum
625 1851 802 1885 creticum
839 1851 1040 1885 dimetrum
1072 1851 1165 1884 dixit
1191 1849 1233 1884 L.
1263 1849 1480 1894 Spengelius
1507 1849 1545 1882 in
1570 1847 1704 1882 Caecil.
1732 1858 1765 1891 p.
1787 1847 1819 1881 7.

261 1899 534 1943 ..Explicationi
571 1898 715 1944 ἀμέτρῳ
741 1898 852 1932 cessit
886 1909 957 1932 vox
995 1899 1234 1942 tangitur,
1275 1896 1401 1931 sedulo
1427 1896 1491 1930 illa
1525 1897 1714 1939 expuncta,
1750 1893 1822 1928 nisi

261 1946 379 1988 fallor,
409 1958 428 1980 a
448 1950 573 1980 sancto
593 1947 752 1990 quodam
769 1945 949 1979 monacho
968 1948 1094 1989 proter
1113 1945 1346 1988 ambiguum-⁴
1381 1943 1547 1977 Bothius.
1575 1941 1648 1976 Sed
1674 1941 1820 1975 lacri-

262 1994 344 2028 mis
371 1994 489 2038 prima
515 1993 657 2038 syllaba
682 1994 791 2037 longa
817 1996 965 2037 praeter
995 2004 1099 2026 usum
1125 1992 1375 2026 Publilianum
1409 2002 1487 2024 esse
1520 1990 1644 2024 docuit
1669 1986 1820 2023 Woelff-

260 2041 356 2075 linus
383 2042 421 2075 in
448 2041 593 2087 Proleg.
621 2053 654 2085 p.
684 2041 738 2076 56.
774 2039 893 2074 Multa
927 2040 970 2074 de
1004 2040 1241 2074 meretricum
1266 2039 1468 2083 rapacitate
1497 2040 1653 2072 narrant
1677 2038 1821 2070 veteres

264 2091 395 2132 po'etae
413 2089 458 2124 cs.
474 2089 592 2122 Plaut.
612 2087 798 2123 Menaech.
814 2087 866 2122 [I.
883 2088 915 2130 3,
934 2087 989 2122 26.
1005 2088 1216 2122 meretrices
1235 2098 1359 2121 omnes
1378 2085 1566 2119 elecebrae
1584 2083 1821 2128 argentariae.

262 2136 394 2170 Pseud.
422 2136 451 2170 I.
479 2137 510 2177 3,
540 2137 714 2171 97-100,
753 2135 859 2170 Truc.
887 2135 979 2179 prol.
1009 2135 1159 2169 12-17.
1187 2133 1239 2169 Π.
1269 2135 1297 2175 1,
1325 2133 1475 2168 28-34,
1503 2133 1534 2174 7,
1566 2132 1618 2167 19.
1645 2131 1700 2166 20.
1740 2129 1821 2165 Ter.

262 2183 397 2219 Heaut.
426 2183 477 2219 II.
509 2185 537 2223 1,
569 2184 717 2218 13-15.
757 2182 850 2218 Hec.
877 2182 915 2216 I.
941 2184 973 2223 2,
1001 2182 1103 2217 6-8.
1132 2181 1267 2215 Tibull.
1294 2180 1323 2216 I.
1353 2181 1383 2220 5,
1412 2180 1467 2215 60.
1493 2180 1525 2215 8.
1555 2180 1609 2214 29.
1637 2179 1669 2220 9,
1695 2177 1821 2212 7-20.

263 2231 414 2266 31-34,
443 2230 552 2275 Prop.
580 2230 634 2266 II.
664 2231 716 2272 13,
747 2230 800 2265 15.
840 2229 1010 2264 Carmine
1037 2229 1231 2269 formosae,
1262 2228 1380 2272 pretio
1407 2227 1602 2271 capiuntur
1626 2236 1768 2260 avarae.

361 2285 415 2318 51.
457 2283 562 2327 Quod
599 2295 666 2327 ego
703 2283 842 2327 scripsi,
884 2286 1008 2316 tuetur
1043 2282 1126 2317 Ter.
1154 2281 1289 2316 Heaut.
1317 2280 1382 2315 IV.
1411 2281 1442 2321 3,
1470 2280 1525 2315 30.
1563 2291 1648 2313 nam
1673 2279 1735 2322 qui
1760 2277 1822 2311 ille

262 2331 399 2374 poterit
438 2342 515 2365 esse
554 2331 591 2364 in
630 2334 721 2368 tuto.
764 2330 823 2364 dic
863 2329 963 2364 mibi.
1005 2330 1087 2363 coll.
1127 2329 1198 2365 Cic.
1234 2328 1334 2363 Fam.
1361 2327 1451 2362 XII.
1478 2328 1510 2362 2.
1538 2338 1649 2370 quare
1669 2337 1750 2369 spes
1769 2328 1824 2358 est

264 2379 381 2411 omnis
410 2379 446 2411 in
465 2378 588 2412 vobis:
616 2379 677 2421 qui
696 2378 726 2411 si
744 2378 878 2411 iccirco
905 2377 1052 2417 abestis,
1080 2380 1120 2410 ut
1139 2377 1218 2410 sitis
1236 2377 1273 2409 in
1299 2378 1389 2416 tuto.
1417 2386 1462 2408 ne
1480 2375 1518 2408 in
1535 2374 1638 2408 vobis
1665 2372 1822 2417 quidem.

265 2424 321 2460 Cf.
348 2425 527 2459 Ribbeck.
556 2425 692 2460 Coroll.
720 2437 754 2469 p.
781 2424 962 2459 XCVIII.

361 2478 415 2513 52.
451 2477 535 2511 Non
561 2481 635 2512 tam
662 2490 718 2511 me
745 2478 900 2512 offendit
933 2476 1147 2511 adverbium
1174 2476 1329 2516 nimis,
1358 2475 1426 2509 etsi
1452 2486 1525 2508 non
1550 2474 1601 2508 ita
1628 2476 1707 2507 erat
1732 2483 1823 2516 opus

265 2525 402 2566 addito,
431 2537 539 2569 quam
565 2525 733 2570 neglecta
759 2537 883 2559 versus
911 2525 1098 2559 diaeresis,
1150 2523 1251 2568 Quae
1278 2535 1360 2557 cum
1395 2534 1414 2555 a
1442 2521 1571 2556 ceteris
1598 2521 1727 2564 po'e'tis,
1763 2519 1823 2562 qui

266 2584 307 2606 eo
342 2585 576 2607 numerorum
610 2584 743 2618 genere
770 2572 976 2612 utebantur,
1013 2572 1183 2615 usurpari
1211 2570 1317 2604 solita
1345 2570 1400 2610 sit,
1437 2572 1515 2602 tum
1541 2580 1562 2601 a
1587 2567 1746 2601 Publilio
1773 2567 1824 2600 Sic

265 2620 413 2654 videtur
439 2620 641 2660 observata,
670 2623 710 2653 ut
736 2620 780 2653 de
811 2631 852 2653 eo
883 2630 997 2660 versu,
1025 2619 1086 2662 qui
1113 2630 1154 2652 ea
1180 2621 1311 2658 careat,
1338 2617 1471 2650 merito
1498 2613 1739 2649 dubitandum
1766 2614 1822 2647 sit.

266 2667 318 2701 Cf.
348 2667 453 2702 Publ.
481 2667 515 2701 D
542 2668 586 2702 23
613 2668 726 2713 (145).
770 2666 808 2700 Η
835 2668 854 2701 9
880 2668 992 2711 (211).
1032 2665 1071 2699 Η
1101 2666 1141 2700 10
1168 2666 1282 2710 (212).
1319 2663 1351 2707 Q
1377 2665 1420 2699 53
1448 2663 1560 2707 (553).
1590 2661 1614 2696 S
1641 2662 1684 2696 23
1711 2661 1822 2705 (606).

266 2714 423 2749 Accedit
442 2715 539 2758 quod
566 2715 603 2748 in
631 2715 811 2748 sententia
829 2714 978 2748 verbum
1005 2716 1077 2747 est
1105 2713 1352 2747 desideratur:
1380 2711 1478 2754 quod
1495 2709 1638 2744 etiamsi
1657 2708 1822 2748 addatur,
