1967 3090
170 289 288 318 manu,
319 277 357 310 in
387 276 534 310 infamia
566 276 646 320 plus
673 286 810 320 poenae
836 275 999 315 dicimus.
1031 285 1139 317 quam
1166 276 1203 309 in
1228 278 1356 309 morte.
1388 274 1474 309 ibid.
1505 272 1573 308 XI.
1606 274 1636 315 1,
1667 273 1722 308 53.

268 325 318 359 ia.
346 323 524 367 ..Semper
549 326 648 357 aetas
675 323 794 368 vergit
820 322 857 355 in
882 322 994 365 peius
1027 321 1096 354 hoc
1123 326 1175 355 est
1212 334 1331 356 mores
1363 321 1550 355 hominum
1582 320 1619 354 in
1646 320 1723 353 dies

169 372 284 416 magis
312 383 352 405 ac
371 372 486 415 magis
505 371 752 415 degenerant“
771 369 955 403 Erasmus
1004 367 1184 411 Equidem
1217 369 1434 403 sententiam
1460 368 1511 402 sic
1530 368 1723 412 intellego:

170 418 416 462 Quodcunque
443 419 585 461 assequi
611 417 778 457 volueris,
814 416 851 450 id
876 416 994 460 primo
1021 428 1163 459 quoque
1189 419 1364 459 tempore.
1400 428 1481 450 cum
1516 416 1644 449 aetatis
1672 415 1723 448 vi-

169 467 267 500 ribus
294 466 432 505 flimeas,
466 465 524 499 fac
552 465 764 508 assequaris.
817 462 871 497 Cf.
898 462 1148 507 Paroemiogr.
1175 462 1237 498 Gr.
1265 464 1320 498 ed.
1348 461 1613 498 Schneidewin.
1641 465 1675 496 et
1703 473 1723 495 a

168 513 341 548 Leutsch.
367 516 454 547 tom.
480 511 511 547 I.
537 524 571 556 p.
598 512 676 546 202.
703 511 921 552 Diogenian.
948 512 1036 544 tom.
1062 509 1113 545 ΙΙ.
1140 522 1174 553 p.
1203 510 1276 545 54.:
1303 509 1357 542 ἀεὶ
1381 512 1425 543 τά
1443 513 1563 552 πέρυσι
1581 508 1723 552 βελτίω.

170 564 256 594 tom.
282 559 334 595 II.
361 571 395 603 p.
423 560 478 594 57.
506 558 616 603 Greg.
644 558 752 602 Cypr.
778 557 809 593 I.
838 558 891 592 17.
924 556 1104 592 Ribbeck.
1139 557 1276 592 Coroll.
1310 569 1345 600 p.
1376 556 1532 592 XCVII.
1561 556 1644 592 Seu.
1680 556 1723 590 de

169 607 267 642 brev.
294 608 357 642 vit.
384 606 451 640 IX.
478 607 637 640 maxima.
662 617 771 649 porro
797 605 894 639 vitae
920 604 1061 638 iactura
1088 604 1216 638 dilatio
1247 607 1313 638 est.
1364 603 1445 638 Sen.
1464 604 1616 648 Hippol.
1645 604 1723 638 773.

169 654 328 697 horaque
355 664 501 697 semper
531 653 729 697 praeterita
762 652 923 686 deterior
956 651 1064 686 subit.
1114 651 1207 686 Nos:
1247 651 1330 684 Wir
1362 651 1533 685 kommen
1566 662 1605 684 so
1634 651 1724 695 jung

170 701 271 735 nicht
296 701 430 734 wieder
454 711 670 735 zusammen.
721 699 955 733 Contrarium
979 698 1097 732 discas
1124 709 1167 732 ex
1193 698 1297 732 Publ.
1324 697 1358 732 D
1388 699 1404 732 1
1433 699 1538 737 (123).

266 748 321 783 20.
349 747 559 789 „Iucundus
578 746 832 781 confabulator
849 746 947 787 facit,
976 748 1016 779 ut
1034 757 1106 779 non
1126 746 1258 779 sentias
1277 746 1357 780 viae
1375 746 1546 786 taedium⁷
1574 745 1725 789 perinde

171 807 211 829 ac
237 795 404 829 vehiculo
440 795 622 839 porteris“
656 794 840 829 Erasmus,
891 793 945 827 Cf.
973 791 1056 828 Seu.
1089 793 1134 827 de
1166 793 1265 828 brev.
1300 793 1358 828 rit.
1385 792 1453 827 IX.
1481 793 1520 828 5:
1554 793 1724 836 quemad-

169 843 317 877 modum
343 845 405 876 aut
430 853 548 876 sermo
576 846 636 876 aut
663 841 772 876 lectio
800 844 861 875 aut
888 841 1009 884 aliqua
1042 840 1220 874 intentior
1246 840 1422 884 cogitatio
1456 840 1528 874 iter
1559 840 1725 873 facientis

169 890 306 934 decipit
333 892 422 933 etqs.
454 889 558 925 Ovid.
594 900 649 933 ep.
683 900 727 923 ex
760 888 869 924 Pont.
902 887 954 923 II.
992 888 1045 927 10,
1081 888 1136 923 35.
1187 888 1238 922 Ut
1267 887 1444 922 Goethius
1479 886 1657 931 (Spriiche
1688 887 1726 920 in

168 936 284 971 Prosa
308 940 395 971 tom.
421 935 495 972 III.
521 948 556 980 p.
587 937 685 981 174):
735 936 807 970 Ein
841 936 996 979 lustiger
1030 935 1210 969 Grefahrte
1244 935 1292 969 ist
1327 935 1385 969 ein
1417 934 1634 978 Rollwagen
1666 933 1730 968 auf

169 985 235 1018 der
260 983 556 1019 lVanderschaft.

264 1033 318 1066 21.
347 1030 530 1071 „Videtur
561 1042 731 1065 accusare
764 1031 896 1072 vitam,
936 1031 996 1074 qui
1034 1033 1195 1064 mortem
1234 1029 1398 1073 appetitss
1434 1028 1618 1063 Erasmus.
1671 1028 1724 1064 Cf.

170 1078 440 1122 Sen.Excerpt.
457 1077 626 1112 Controv.
647 1077 759 1114 VIII.
777 1079 809 1113 4.
836 1090 870 1122 p.
897 1078 977 1113 469.
1005 1079 1058 1112 ed.
1086 1077 1168 1121 Bip.
1194 1077 1316 1111 nescio
1343 1076 1443 1109 cuius
1470 1076 1631 1110 criminis
1658 1075 1726 1109 sibi

169 1126 334 1160 conscius
362 1125 523 1169 confugit
549 1125 595 1160 ad
620 1129 786 1160 mortem.
835 1125 1017 1170 Epicurus
1044 1125 1191 1169 quidem
1224 1135 1304 1157 suos
1336 1127 1491 1157 mortem
1525 1126 1559 1156 et
1595 1135 1725 1157 concu-

168 1174 311 1217 piscere
337 1176 373 1207 et
400 1173 469 1206 sibi
495 1173 720 1207 consciscere
746 1176 930 1207 vetuerat:
958 1184 1028 1216 qua
1054 1172 1099 1206 de
1125 1183 1164 1206 re
1189 1171 1235 1206 cf.
1256 1170 1338 1205 Sen.
1359 1171 1403 1204 de
1422 1171 1486 1206 vit.
1504 1170 1598 1204 beat.
1618 1170 1725 1205 XIX.

174 1223 202 1256 1.
230 1232 285 1265 ep.
311 1219 383 1254 HI.
412 1221 432 1255 3
459 1221 532 1262 (24)
566 1220 621 1255 22.
649 1220 695 1254 X.
731 1221 751 1254 2
778 1221 849 1257 ‹78›
883 1221 939 1255 26.
967 1220 1050 1254 Sen.
1080 1219 1191 1253 Herc.
1219 1218 1299 1253 Oct.
1334 1218 1413 1253 88¹4).
1446 1229 1578 1252 nocens
1611 1218 1727 1251 videri

169 1269 230 1312 qui
258 1268 362 1312 petit,
389 1270 544 1301 mortem
571 1268 680 1311 cupit.
731 1267 853 1310 Quint.
881 1266 971 1302 VII.
1003 1267 1035 1308 4,
1070 1267 1125 1301 39.
1158 1277 1204 1299 an
1238 1266 1266 1299 is
1300 1266 1445 1299 demum
1479 1265 1726 1309 prohibendus

169 1316 226 1356 sit,
255 1316 316 1358 qui
341 1315 435 1348 mori
460 1314 548 1355 vult,
576 1318 615 1348 ut
642 1326 679 1348 se
705 1315 828 1359 legum
855 1314 1057 1348 actionibus
1085 1313 1284 1348 subtrahat.

267 1363 323 1398 22.
350 1361 568 1406 Imprudens
594 1362 628 1395 h.
655 1363 678 1395 l.
706 1362 931 1407 intellegitur
964 1361 1038 1395 eius
1069 1361 1182 1404 ipsius
1216 1360 1459 1401 liberalitatis,
1495 1371 1566 1404 qua
1600 1363 1726 1394 contra

169 1421 252 1443 eum
276 1410 454 1454 ingenuus
481 1409 606 1450 utitur,
633 1409 743 1450 rudis,
771 1409 930 1453 ignarus,
958 1409 1159 1452 imperitus,
1195 1411 1235 1441 ut
1259 1408 1356 1452 apud
1382 1407 1464 1442 Sen.
1493 1419 1547 1452 ep.
1574 1406 1677 1442 XIV.
1705 1408 1725 1442 2

168 1458 242 1497 (ΗΟ)
276 1457 330 1491 33.
367 1457 523 1500 sapienti
551 1457 758 1500 opponitur,
794 1456 891 1500 apud
920 1455 1077 1491 Phaedr.
1113 1455 1185 1489 fab.
1221 1454 1251 1488 I.
1291 1456 1345 1496 22,
1386 1456 1440 1489 12.
1478 1455 1726 1498 imprudentes

172 1515 294 1538 reruni
319 1504 533 1538 nescientes.
585 1503 799 1549 Ingenuitas
826 1507 947 1537 autem
973 1503 1082 1537 animi
1113 1506 1168 1536 est
1186 1502 1388 1536 liberalitas
1407 1514 1451 1536 ex
1469 1502 1623 1535 honesta
1641 1503 1727 1536 edu-

170 1551 312 1585 catione
338 1550 382 1584 cf.
419 1549 586 1586 Schuetz,
614 1551 700 1586 Lex,
728 1550 802 1585 Cic.
830 1563 863 1584 v.
889 1550 1117 1594 Praepositio
1144 1552 1312 1583 contra
1338 1562 1410 1583 non
1435 1550 1533 1583 idem
1560 1549 1656 1593 quod
1682 1549 1728 1583 in

169 1599 227 1632 vel
254 1609 365 1642 erga
392 1597 575 1643 significat
603 1598 662 1637 (cf.
688 1598 784 1633 Plin.
810 1597 896 1633 NH.
915 1596 1029 1633 VIII.
1057 1598 1088 1637 7,
1116 1598 1146 1632 T.
1173 1596 1296 1631 Hand.
1324 1596 1478 1631 Tursell.
1506 1596 1556 1632 II.
1583 1609 1618 1640 p.
1648 1596 1727 1635 118>

171 1646 235 1680 sed
261 1645 449 1689 propriam
475 1645 549 1678 vim
577 1648 613 1679 et
639 1648 859 1689 potestatem
889 1646 1034 1686 retinet,
1069 1656 1113 1679 ex
1147 1656 1216 1687 qua
1250 1644 1390 1678 animus
1423 1644 1562 1678 alienus
1596 1647 1633 1678 et
1665 1643 1728 1677 ad-

172 1693 354 1727 versarius
382 1692 574 1732 indicatur⁷
602 1693 755 1736 proinde
782 1703 822 1725 ac
850 1693 879 1726 si
904 1692 957 1725 ita
983 1692 1118 1726 dixerit
1143 1693 1252 1735 poeta
1284 1691 1329 1725 ab
1356 1691 1585 1735 imprudente
1612 1691 1663 1725 sic
1691 1701 1728 1725 se

173 1740 380 1779 defendere,
408 1743 446 1773 ut
474 1740 582 1773 nimis
608 1740 760 1774 honeste
787 1751 828 1773 ac
856 1739 1057 1774 liberaliter
1082 1751 1165 1773 eum
1182 1739 1326 1780 habeat,
1354 1750 1396 1772 ea
1413 1750 1485 1772 non
1510 1738 1727 1783 ingenuitas..

171 1788 234 1822 sed
267 1787 423 1821 stultitia
459 1790 524 1820 est.
576 1786 674 1829 „Vix
707 1790 832 1831 aptum
862 1787 948 1820 huic
983 1787 1064 1821 loco
1099 1786 1317 1831 ingenuitas.
1366 1785 1494 1820 Malim
1528 1786 1728 1830 impunitas

169 1835 228 1869 vel
255 1834 427 1878 quiddam
453 1834 593 1868 simile⁴‘
618 1833 786 1870 Bothius.

264 1882 319 1916 24.
347 1881 516 1915 Debilem
551 1881 687 1916 viribus
723 1885 785 1916 aut
817 1882 993 1915 inermem
1027 1881 1233 1925 opprimere
1266 1880 1494 1914 crudelitatis
1530 1882 1603 1919 est,
1637 1890 1729 1922 quae

171 1930 345 1963 virtutem
378 1929 563 1962 mentitur.
616 1928 671 1964 Cf.
707 1928 791 1965 Sen.
818 1928 949 1964 Troad.
985 1929 1063 1963 755.
1097 1929 1176 1963 756.
1209 1928 1278 1962 hoc
1311 1930 1366 1961 est
1397 1927 1556 1971 pectoris
1588 1927 1728 1960 facinus

171 1977 236 2017 tui⁷
264 1980 440 2010 nocturne
465 1976 580 2017 miles⁷
607 1975 710 2011 fortis
737 1977 775 2009 in
799 1976 903 2020 pueri
928 1986 1064 2010 necem.
1092 1974 1216 2020 Quint.
1242 1974 1310 2009 IV.
1341 1975 1371 2015 2,
1400 1975 1455 2010 55.

268 2024 322 2058 25.
351 2022 542 2058 Sententia
566 2023 775 2057 Publiliana
805 2023 989 2056 sinistram
1014 2023 1115 2056 illam
1141 2023 1333 2057 doctorum
1357 2022 1546 2056 hominum
1570 2023 1729 2055 mentem

171 2071 380 2115 perstringi,
408 2081 477 2113 qua
503 2071 665 2113 quamvis
693 2071 792 2105 docti
820 2071 890 2104 sint
920 2073 1043 2103 tamen
1069 2070 1262 2103 consilium
1287 2070 1333 2103 ad
1359 2080 1436 2102 rem
1464 2068 1729 2112 expediendam

170 2121 298 2162 aptum
324 2117 413 2151 adeo
442 2118 605 2151 invenire
632 2129 705 2152 non
730 2118 882 2162 possint,
917 2120 957 2150 ut
983 2117 1142 2151 iuniores
1168 2117 1227 2151 vel
1253 2117 1391 2151 indocti
1418 2128 1459 2151 eo
1486 2127 1620 2160 genere
1647 2115 1728 2159 plus

173 2166 325 2209 sapiant,
353 2168 548 2209 propterea
573 2176 678 2209 nego⁷
705 2165 802 2208 quod
827 2165 939 2199 totius
957 2164 1185 2207 antiquitatis
1205 2164 1367 2208 opinioni
1385 2164 1568 2197 contraria
1585 2163 1730 2197 videtur

170 2212 216 2248 cf.
243 2211 353 2246 Hom.
380 2211 424 2245 Il.
451 2211 526 2246 III.
561 2212 640 2247 108.
665 2212 785 2247 Plaut.
811 2211 920 2247 Most.
939 2211 986 2245 V.
1013 2212 1033 2246 2
1072 2212 1127 2246 27.
1156 2222 1283 2255 sapere
1308 2211 1400 2245 istac
1426 2214 1546 2245 aetate
1572 2213 1728 2254 oportet,

170 2261 232 2303 qui
258 2262 341 2292 sunt
367 2259 486 2303 capite
512 2260 678 2294 candidO.
729 2259 802 2294 Cic.
839 2258 917 2294 Cat.
949 2258 1036 2294 Mai.
1064 2258 1131 2292 VI.
1158 2259 1214 2293 20.
1249 2258 1436 2292 temeritas
1471 2260 1525 2292 est
1558 2257 1728 2291 videlicet

172 2307 335 2341 florentis
362 2307 502 2347 aetatis,
529 2307 723 2351 prudentia
750 2307 979 2341 senescentis.
1030 2305 1137 2339 Publ.
1164 2305 1197 2350 Q
1215 2306 1259 2340 54
1284 2305 1396 2350 (2554).
1446 2304 1595 2339 Scilicet
1620 2315 1728 2348 quae-

169 2355 255 2388 dam
279 2353 483 2398 proverbia‚
511 2365 603 2398 quae
628 2354 666 2388 id
692 2353 929 2398 proclamant,
960 2352 1289 2398 Francogallorum
1314 2352 1498 2386 Henricus
1517 2351 1725 2395 Stephanus

170 2402 210 2434 in
235 2413 276 2435 eo
303 2400 396 2434 libro
423 2401 538 2441 affert.
573 2413 681 2445 quem
708 2401 856 2445 scripsit
886 2412 947 2434 sur
971 2401 1007 2434 la
1032 2401 1261 2444 precellence
1296 2400 1345 2434 du
1370 2400 1528 2444 langage
1554 2398 1729 2442 Francais

171 2449 209 2493 (a
235 2447 338 2482 Paris
365 2459 396 2481 a.
426 2449 547 2493 1559]:
601 2449 682 2491 „Un
708 2448 759 2482 fol
778 2449 876 2481 avise
910 2447 995 2481 bien
1029 2460 1078 2481 un
1109 2450 1215 2491 sage³‘
1243 2447 1318 2480 vel:
1372 2446 1453 2489 „Au
1487 2446 1611 2480 defaut
1645 2445 1729 2479 d’un

173 2507 259 2540 sage
284 2498 408 2529 monte
434 2507 482 2529 un
507 2496 560 2529 fol
586 2507 627 2529 en
656 2496 813 2530 chaire“.
863 2494 939 2529 Nec
957 2495 1073 2539 magis
1092 2493 1241 2529 Gruteri
1259 2494 1441 2528 sententia
1458 2494 1590 2538 placet,
1621 2504 1729 2536 quam

171 2543 223 2577 sic
248 2542 528 2586 interpretatur:
583 2542 711 2586 „Multi
736 2542 900 2577 homines
927 2542 1160 2576 consiliorum
1186 2542 1334 2585 quidem
1351 2541 1495 2585 copiam
1519 2541 1727 2582 inveniunt3

171 2589 235 2624 sed
261 2601 343 2624 cum
368 2601 442 2623 non
467 2592 609 2634 possint
637 2590 816 2634 optimum
843 2600 887 2622 ex
911 2591 1014 2622 tanta
1047 2589 1152 2633 copia
1178 2590 1332 2633 eligere:
1368 2589 1411 2622 iis
1445 2599 1536 2632 opus
1563 2590 1619 2622 est
1645 2598 1728 2621 con-

170 2636 309 2670 sultore
340 2637 498 2680 quodam
533 2638 652 2677 docto.
689 2637 750 2681 qui
784 2637 871 2681 ipsis
905 2636 1097 2670 consilium
1131 2636 1310 2680 optimum
1343 2638 1558 2670 monstret“.
1608 2633 1728 2677 Quare

171 2684 302 2728 respici
328 2688 434 2728 putat
459 2684 505 2718 ad
530 2684 636 2720 Publ.
655 2684 693 2718 H
713 2684 757 2719 27
785 2684 897 2728 (229).
947 2683 998 2717 At
1025 2683 1122 2727 quid,
1150 2694 1294 2726 quaeso,
1323 2683 1531 2717 consultore
1558 2693 1647 2726 opus
1674 2683 1729 2714 est

169 2730 242 2764 iam
266 2731 415 2765 invento
442 2731 620 2765 consilio?
668 2731 748 2765 Iam
774 2741 861 2765 vero
888 2730 1108 2764 adiectivum
1141 2731 1305 2764 doctus
1339 2741 1421 2764 cum
1448 2729 1544 2773 apud
1570 2729 1727 2763 comicos

170 2777 304 2812 latinos
320 2781 397 2812 tum
413 2779 510 2823 apud
519 2778 693 2813 Plautum
707 2778 916 2822 saepissime
927 2778 1109 2818 callidum,
1126 2781 1296 2818 astutum,
1313 2777 1509 2817 sollertem.
1526 2776 1729 2820 sapientem
