1967 3090
747 152 1044 194 -235-

131 271 200 307 VI.
227 272 258 311 2,
287 271 319 307 3.
355 281 437 304 cum
463 269 656 303 scriberet:
693 268 731 302 Si
765 267 877 301 vultis
912 265 1003 299 nihil
1031 265 1170 305 timere,
1199 264 1359 308 cogitate
1387 263 1508 296 onmia
1535 273 1611 296 esse
1637 260 1682 294 ti-

132 319 274 353 menda.
319 317 373 352 Cf.
401 316 575 350 Ribbeck.
605 314 737 349 Coroll.
768 326 800 358 p.
830 312 988 347 XCVII.

232 366 283 400 16.
324 364 378 399 Cf.
414 363 519 398 Publ.
553 362 592 396 M
618 362 662 397 65
696 362 811 406 (373).
861 360 909 394 Et
954 359 1061 393 nimis
1097 357 1316 391 adstrictum
1351 357 1546 400 imperium
1580 355 1687 389 nimis

133 412 225 447 solvi
252 412 359 445 docet
386 411 490 445 Caec.
518 409 623 444 Balb.
650 421 684 453 p.
713 410 767 444 532.
795 407 893 443 Mon.
921 404 1105 440 XXXIX.
1134 406 1155 439 2
1181 403 1297 447 (Sent.
1317 404 1403 447 ³2¹6.).

232 459 283 493 17.
310 458 508 496 Electram,
546 456 790 500 Proserpinae
816 454 1004 493 nutricem,
1045 464 1126 487 cum
1152 457 1259 494 rapta
1292 451 1355 483 illa
1383 454 1487 490 esset,
1525 450 1688 495 graviter

134 506 321 541 dolentem
347 505 487 538 inducit
514 503 701 537 Claudian.
729 502 773 536 de
798 505 893 545 rapt.
920 499 1092 543 Proserp.
1118 497 1192 532 III.
1223 498 1299 532 178.
1329 496 1382 531 Cf.
1411 496 1560 531 Ceteros
1587 497 1685 531 locos

78 567 81 570 ⁴
135 566 155 588 a
181 552 342 587 Grutero
370 551 500 585 allatos
527 551 565 584 in
586 549 693 584 Notis
719 548 909 593 postumis.

232 600 284 634 18.
325 598 476 643 Saepius
511 598 548 631 in
581 597 637 630 his
673 595 862 630 sententiis
896 604 1098 638 pronomen
1132 593 1254 636 ipse.
1291 591 1387 634 quod
1414 602 1458 624 ex
1484 595 1609 625 nostro
1636 591 1687 624 lo-

135 646 269 691 quendi
296 658 361 679 usu
388 646 433 679 ad
459 644 670 678 reflexivum
699 643 784 677 addi
811 642 912 682 solet,
942 641 1123 675 omittitur
1149 639 1193 674 cf.
1221 639 1257 672 A
1278 640 1330 673 13.
1358 638 1388 671 Β
1408 638 1450 672 21
1478 638 1568 683 (64).
1597 637 1624 672 C
1644 638 1689 672 38

135 694 247 738 (654).
286 693 323 727 Η
350 693 371 727 4
397 692 509 735 2:³06),
546 691 563 725 Ι
591 692 610 724 5
638 690 752 734 (2341.
786 688 805 723 Ι
832 690 872 724 31
901 689 1013 733 (260).
1049 687 1067 721 Ι
1094 687 1137 721 43
1165 686 1277 730 (273).
1310 685 1341 719 L
1375 686 1414 719 15
1441 686 1550 729 (306).
1579 684 1618 718 M
1647 686 1687 719 13

137 741 253 784 (321).
294 739 326 774 N
362 740 407 775 :30
439 739 550 783 (⁷406).
590 736 624 771 N
650 738 694 771 45
720 737 831 781 1421).
876 735 906 770 P
933 736 978 771 34
1005 735 1119 779 (4832).
1155 732 1189 777 Q
1222 733 1265 767 37
1292 733 1406 777 (23:37).
1447 732 1479 776 Q
1507 732 1549 766 56
1576 732 1690 776 (556).

136 786 169 831 Q
195 788 239 823 62
266 787 382 831 (562).
422 785 447 819 S
473 786 514 820 ‘21
543 784 654 829 (⁶304).
697 784 722 817 S
750 784 791 819 31
820 784 934 827 (614).
998 781 1161 816 Additur
1194 781 1295 824 ipse
1330 780 1470 823 aliquot
1504 779 1559 812 his
1601 779 1690 813 locis

136 835 169 869 N
197 836 240 869 39
267 834 380 879 (415).
407 832 436 866 P
465 834 505 866 15
532 832 646 877 (404).
674 830 705 865 Ρ
723 831 767 865 ‘24
795 831 909 874 (473).
936 829 969 872 Q,
986 830 1029 864 45
1057 829 1168 872 (545).
1196 827 1227 871 Q
1247 828 1291 861 ΤΟ
1316 827 1430 870 (672).
1460 826 1484 860 S
1512 827 1555 861 32
1576 826 1690 870 (615).

137 881 162 915 S
189 882 232 916 36
259 881 371 925 (3619).
421 879 554 913 Deleto
580 879 692 923 igitur
716 878 932 922 pronomine
958 877 1060 921 ipse
1086 879 1170 910 ante
1197 874 1392 908 admissi
1418 873 1555 907 inserui
1585 874 1691 907 iam:

137 939 246 972 quam
272 928 387 971 ipsam
414 926 632 970 particulam
659 936 767 969 supra
786 924 1034 968 reponendam
1052 923 1180 967 putavi
1198 922 1235 955 in
1259 921 1368 955 simili
1387 921 1567 955 sententia
1585 920 1691 954 Publ.

137 976 170 1009 Gr
196 975 216 1010 3
241 976 354 1019 (196).
394 973 451 1007 Ex
479 984 549 1016 qua
576 973 755 1006 sententia
782 973 893 1006 etiam
919 971 1011 1004 illud
1030 970 1266 1013 cognoscitur
1282 980 1355 1002 non
1382 980 1414 1003 V.
1441 968 1601 1012 pudet,
1631 967 1692 1001 sed

138 1035 169 1058 v.
196 1021 415 1066 poenitet
441 1021 561 1054 locum
588 1031 676 1054 esse.
727 1018 778 1053 Cf.
807 1018 999 1053 Menandr.
1035 1020 1189 1051 monost.
1224 1016 1301 1052 667.
1337 1015 1354 1057 ι’,-
1383 1014 1419 1047 δὲ
1444 1017 1616 1058 μετάνοια
1674 1018 1677 1022 '

141 1081 226 1114 γνετ
251 1068 464 1113 ἀνθρώποις
490 1070 606 1111 κρίσις.
646 1065 718 1100 Sen
744 1066 789 1100 (le
815 1066 856 1100 ir.
883 1065 958 1099 HI.
986 1065 1041 1105 26,
1070 1066 1101 1099 2.

236 1116 288 1151 19.
327 1114 463 1149 Suum
489 1113 649 1148 Publilio
683 1113 974 1156 monosyllabum
1001 1123 1078 1146 esse
1104 1123 1198 1156 nego
1232 1111 1276 1145 cf.
1304 1109 1409 1143 Publ.
1446 1109 1484 1144 M
1511 1110 1554 1144 ‘29
1581 1109 1692 1148 (337³.

141 1162 333 1206 Semper
367 1166 485 1196 autem
513 1161 648 1206 frigere
674 1160 851 1194 nonnihil.
884 1163 925 1193 ut
950 1160 1055 1193 malit
1080 1159 1363 1204 propemodum:
1407 1157 1542 1199 „Suum
1569 1167 1693 1189 conse-

140 1210 262 1254 quitur
289 1209 312 1244 l.
339 1209 604 1243 innocentiam·‘
645 1208 797 1241 adnotat
822 1207 989 1247 Bothius,
1024 1206 1085 1249 qui
1122 1205 1315 1241 Schwarzii
1351 1204 1694 1248 interpretationem

138 1257 233 1291 hanc
268 1256 527 1290 Germanicam
565 1259 724 1289 secutus:
770 1254 868 1297 „Der
894 1253 1084 1288 Unschuld
1119 1254 1215 1299 folgt
1248 1254 1306 1287 ihr
1340 1252 1462 1295 eignes
1490 1250 1599 1285 Licht
1632 1250 1692 1283 be-

141 1304 309 1348 standig‘·‘
339 1314 404 1347 pro
431 1303 729 1342 innocentia,
757 1301 855 1345 quod
872 1302 909 1335 in
926 1300 955 1334 F
974 1305 1039 1341 est,
1066 1301 1383 1335 innocentiam
1410 1298 1568 1342 scripsit.
1596 1296 1695 1330 Illud

141 1354 284 1385 constat
311 1349 477 1384 adverbii
503 1360 686 1393 semper
712 1360 791 1383 eam
818 1349 892 1382 vim
919 1359 995 1382 esse
1022 1352 1060 1381 ut
1088 1360 1212 1382 versus
1239 1352 1299 1382 aut
1324 1347 1479 1389 primam
1499 1345 1622 1379 sedem
1648 1344 1694 1379 cf.

141 1397 166 1432 S
194 1399 211 1432 1
239 1397 351 1442 (584).
396 1396 421 1430 S
449 1398 469 1431 δ’
496 1396 610 1441 (591).
653 1395 677 1430 S
708 1397 747 1430 11
775 1397 886 1440 (5942).
926 1394 950 1429 S
979 1396 1021 1430 ’13
1048 1395 1162 1440 (590).
1204 1395 1228 1430 S
1264 1396 1308 1429 ‘24
1334 1393 1446 1437 (oin).
1489 1392 1514 1426 S
1541 1392 1584 1426 37
1610 1391 1695 1435 (620

143 1448 206 1479 aut
238 1456 282 1478 ex
320 1444 503 1488 prioribus
538 1455 647 1477 unam
673 1443 847 1483 obtineat,
883 1454 1067 1486 nunquam
1094 1443 1131 1476 in
1159 1454 1284 1476 versus
1312 1440 1451 1475 exitum
1475 1438 1623 1474 recedat
1649 1438 1694 1472 cf.

140 1491 161 1526 1
189 1491 231 1526 18
257 1492 369 1536 (245).
408 1491 428 1525 Ι
454 1491 497 1525 33
525 1491 637 1535 (263).
676 1489 696 1523 Ι
722 1490 767 1524 44
794 1490 910 1535 (1254).
945 1489 964 1523 Ι
992 1490 1034 1524 59
1062 1490 1176 1535 (239).
1203 1489 1241 1524 M
1268 1490 1311 1524 22
1338 1487 1449 1532 1330).
1477 1487 1510 1521 N
1540 1488 1555 1520 1
1583 1485 1694 1529 (377).

141 1538 175 1573 N
202 1539 245 1573 36
274 1539 388 1583 (1412).
433 1537 466 1582 Q
496 1539 534 1572 11
563 1538 680 1582 (511).
709 1537 733 1571 S
761 1537 781 1571 9
809 1537 924 1581 (592).
969 1537 1215 1579 Quamobrem
1242 1537 1347 1570 olim:
1383 1534 1519 1568 Suum
1553 1544 1696 1576 usque

142 1585 361 1629 sequitur
395 1586 417 1619 1.
444 1586 465 1619 i.
493 1585 628 1618 lectum
663 1584 774 1618 fuisse
802 1595 954 1627 cumque
989 1595 1129 1627 usque
1156 1588 1308 1628 propter
1333 1583 1540 1617 litterarum
1566 1579 1692 1614 simili-

141 1633 308 1667 tudinem
334 1632 593 1671 intercidisset,
630 1642 812 1675 semper
837 1636 920 1665 ante
946 1631 1221 1665 innocentia
1247 1631 1390 1664 illatum
1417 1640 1494 1663 esse
1521 1627 1696 1671 suspicor.

141 1679 210 1714 Est
236 1683 357 1713 autem
383 1690 528 1722 usque
554 1679 591 1712 in
617 1679 672 1712 his
700 1690 791 1722 quae
819 1682 963 1713 exstant
981 1677 1135 1712 Publilii
1162 1678 1351 1712 sententiis
1378 1687 1555 1719 nusquam
1572 1675 1696 1708 inven-

144 1731 234 1768 tum,
262 1726 326 1760 sed
351 1726 396 1760 ab
423 1726 560 1770 optimo
587 1737 729 1769 quoque
754 1728 864 1770 poeta
889 1725 1020 1759 Latino
1047 1728 1261 1769 usurpatum
1286 1725 1383 1758 idem
1409 1735 1449 1757 ac
1476 1723 1574 1756 sine
1601 1721 1699 1754 ulla

146 1773 529 1814 intermissione,
558 1774 802 1814 continuo,
830 1777 1208 1817 perseveranter.
1261 1771 1421 1805 Virtutis
1447 1780 1533 1803 vero
1559 1769 1619 1802 vel
1644 1768 1697 1801 in-

143 1821 335 1855 nocentiae
362 1832 444 1854 cum
478 1831 519 1854 ea
552 1824 682 1853 natura
716 1831 758 1854 ac
792 1823 953 1864 potestas
989 1820 1044 1860 sit,
1079 1824 1119 1853 ut
1144 1820 1224 1863 ipsa
1250 1830 1316 1863 per
1351 1829 1387 1852 se
1412 1816 1568 1851 illustris
1596 1815 1699 1859 quasi

143 1868 262 1902 lucem
280 1868 504 1911 praemit-tat,
531 1878 601 1910 qua
618 1867 847 1911 ingrediatur
872 1867 934 1912 (cf.
955 1866 1038 1901 Sen.
1059 1868 1103 1901 de
1121 1867 1184 1902 vit.
1209 1867 1303 1901 beat.
1332 1864 1443 1900 XIII.
1471 1865 1502 1898 5.
1531 1862 1696 1908 agedum.

144 1915 265 1948 virtus
292 1914 500 1948 antecedat:
528 1919 649 1948 tutum
676 1915 745 1948 erit
772 1926 878 1948 omne
905 1915 1110 1957 vestigium.
1138 1914 1183 1947 de
1208 1912 1327 1948 benef.
1355 1911 1424 1947 IV.
1456 1912 1507 1951 17,
1527 1911 1558 1944 4.
1586 1909 1699 1943 maxi-

144 1973 245 1995 mum
269 1961 338 1995 hoc
363 1961 538 1995 habemus
564 1965 715 1995 naturae
741 1961 924 2001 meritum,
952 1961 1051 2004 quod
1075 1961 1192 1995 virtus
1216 1961 1254 1994 in
1280 1960 1443 1993 omnium
1475 1958 1614 1992 animos
1646 1956 1700 1989 lu-

144 2019 227 2042 men
253 2020 357 2042 suum
382 2008 584 2052 permittit:
613 2009 723 2042 etiam
750 2009 811 2051 qui
844 2019 917 2042 non
944 2014 1153 2051 sequuntur,
1195 2008 1297 2041 illam
1331 2006 1492 2050 videntj:
1535 2004 1636 2047 sequi
1663 2015 1701 2037 se

144 2057 224 2099 ipsa
249 2055 384 2089 dicitur
409 2059 445 2089 et
470 2066 602 2099 urgere
628 2055 882 2100 gravissimam
908 2056 1078 2089 comitem
1104 2055 1149 2090 cf.
1178 2054 1262 2088 Sen.
1289 2054 1334 2088 de
1361 2057 1479 2096 tranq.
1508 2052 1616 2085 anim.
1646 2050 1698 2084 11.

148 2103 202 2138 14.
245 2101 560 2146 Quemadmodum
587 2103 682 2136 enim
708 2102 826 2137 viator
852 2113 915 2136 suo
941 2103 1019 2146 ipse
1044 2101 1180 2135 lumine
1205 2102 1256 2135 ita
1282 2100 1495 2140 illustratur,
1531 2102 1570 2132 ut
1599 2098 1698 2132 idem

146 2152 183 2183 et
208 2153 334 2183 cernat
359 2153 394 2183 et
420 2156 606 2183 cernatur:
646 2149 696 2182 sic
722 2150 896 2183 innocens
921 2149 1030 2183 homo
1058 2149 1177 2192 capite
1203 2149 1322 2183 cincto
1350 2147 1450 2190 quasi
1476 2145 1613 2179 lumine
1638 2156 1699 2178 ra-

148 2196 248 2230 diato
285 2207 385 2230 suam
428 2196 505 2239 ipse
546 2197 643 2229 viam
686 2196 788 2230 nullo
831 2196 920 2230 duce
957 2207 998 2230 ac
1031 2199 1258 2230 monstrante
1292 2194 1443 2228 invenit.
1508 2192 1702 2226 Innocenti

148 2244 244 2278 enim
270 2254 344 2276 non
378 2254 467 2287 opus
495 2246 550 2276 est
574 2243 816 2276 monitoribus
844 2247 906 2277 aut
930 2243 1147 2287 praeceptis,
1176 2243 1222 2276 ad
1247 2253 1337 2285 quae
1363 2240 1496 2286 agendi
1521 2240 1701 2273 rationem

148 2290 294 2335 dirigat,
323 2290 387 2324 sed
414 2290 504 2323 adeo
531 2290 599 2323 sibi
626 2290 713 2323 boni
737 2291 900 2333 rectique
927 2290 1090 2324 conscius
1117 2293 1183 2330 est,
1218 2292 1258 2323 ut
1284 2292 1414 2332 sponte
1441 2298 1504 2320 sua
1528 2286 1702 2329 nulloque

149 2340 211 2371 aut
243 2337 340 2370 viam
373 2340 599 2371 monstrante
633 2340 695 2370 aut
728 2337 851 2371 lumen
884 2336 1115 2381 praeferente
1148 2336 1321 2375 inveniat,
1355 2346 1426 2379 qua
1459 2346 1541 2368 cum
1566 2334 1702 2367 virtute

148 2384 303 2419 insistat.
362 2383 445 2418 Hoc
476 2384 570 2418 illud
609 2387 663 2418 est
697 2384 795 2428 quod
828 2384 866 2418 in
897 2384 1018 2418 animo
1054 2383 1212 2427 simplici
1245 2394 1286 2417 ac
1322 2383 1464 2416 sincero
1491 2380 1700 2420 SchilleruS,

149 2432 262 2475 poeta
295 2431 527 2471 clarissimus,
562 2431 723 2465 carmine
760 2431 824 2464 1110
850 2431 1041 2465 notissimo
1074 2431 1228 2475 (sWerke
1254 2434 1341 2464 tom.
1367 2428 1398 2464 I.
1425 2441 1458 2472 p.
1486 2428 1574 2473 403)
1600 2437 1702 2471 prae-

151 2478 270 2512 dicat:
299 2477 407 2521 „Und
432 2489 505 2512 was
531 2478 615 2512 kein
636 2478 824 2512 Verstand
842 2478 907 2511 der
926 2477 1199 2523 Verstandigen
1224 2477 1328 2517 sieht,
1357 2476 1421 2510 das
1446 2475 1535 2509 iibet
1560 2475 1598 2507 in
1615 2473 1703 2507 Ein-

151 2525 221 2558 falt
247 2525 305 2558 ein
330 2525 495 2559 kindlich
521 2525 716 2560 Gemiith.'·‘
762 2525 813 2559 Ut
839 2525 884 2559 de
908 2525 1128 2565 innocentia,
1156 2525 1208 2558 ita
1235 2525 1279 2558 de
1305 2523 1458 2562 ratione,
1487 2523 1583 2555 vitae
1611 2521 1702 2555 duce

151 2572 370 2606 sententiam
416 2572 571 2606 similem
617 2573 708 2607 hanc
749 2571 865 2606 edidit
900 2571 1092 2606 Herderus
1130 2572 1307 2611 carmine,
1353 2570 1448 2614 quod
1491 2568 1706 2603 inscribitur

154 2618 241 2661 „der
265 2618 417 2653 Mensch
449 2619 524 2653 und
558 2620 636 2653 sein
663 2618 832 2654 Schatte“
877 2619 939 2663 (cf.
967 2618 1103 2652 Werke
1128 2630 1192 2652 zur
1217 2618 1379 2652 schonen
1404 2616 1494 2651 Litt.
1522 2628 1554 2649 u,
1582 2614 1704 2648 Kunst

152 2670 238 2700 tom.
264 2664 350 2699 XV.
382 2677 417 2710 p.
456 2666 532 2710 18ss
573 2665 730 2708 „Deines
754 2665 898 2700 Lebens
925 2664 1166 2700 Sonnenlicht
1189 2666 1239 2699 ist
1264 2663 1468 2705 Vernunft3
1508 2662 1567 2696 die
1598 2660 1704 2694 fliehe

153 2711 267 2747 nicht.
294 2712 402 2746 Wird
428 2713 478 2746 sie
505 2713 562 2746 dir
586 2713 636 2746 im
655 2712 808 2747 Riicken
836 2712 953 2753 stehn,
980 2712 1072 2746 wird
1097 2713 1180 2746 dein
1199 2711 1374 2746 Schatten
1401 2721 1467 2744 vor
1492 2710 1549 2744 dir
1574 2708 1703 2752 gehn.²‘

249 2759 304 2794 20.
330 2759 485 2793 Alium
519 2760 668 2794 secundi
694 2760 798 2804 pedis
825 2764 1045 2803 anapaestus
1071 2759 1223 2794 offendit
1258 2762 1294 2792 et
1319 2757 1495 2791 Bothium
1529 2759 1565 2789 et
1590 2754 1705 2799 Spen-

1643 1028 1692 1058 νι-
