1967 3090
736 109 1055 150 -141—

121 227 172 263 sic
197 226 411 271 explicanti:
440 236 543 260 wenn
569 224 644 258 ihm
669 213 727 258 die
754 221 930 268 Nahrung
955 222 1047 256 fehlt
1075 221 1138 265 (cf.
1158 220 1238 256 Sen.
1266 219 1377 254 Herc.
1398 219 1477 254 Oct.
1496 218 1582 263 448)
1610 217 1675 252 sed

118 275 156 309 in
181 285 288 318 quem
313 273 443 314 locum.
471 273 510 307 in
534 284 641 316 quam
667 273 809 316 partem
833 270 892 304 vel
926 280 1108 313 quorsum.
1161 268 1215 302 Cf.
1250 266 1356 302 Ovid.
1392 266 1501 301 Trist.
1538 264 1590 300 Π.
1617 265 1674 300 67.

118 321 173 357 68.
199 332 265 355 nec
292 331 362 364 quo
377 346 384 354 .
402 346 410 354 .
426 346 433 354 .
460 330 623 354 crescere
648 318 765 363 possit
791 316 911 351 habet.
962 314 1087 359 Quint.
1106 314 1215 350 VIII.
1235 316 1265 350 5.
1281 314 1336 349 26.
1365 313 1456 347 nihil
1475 312 1521 346 ad
1538 314 1671 346 iustam

118 368 410 412 magnitudinem
437 367 645 402 adolescere
664 367 796 409 potest,
824 363 921 406 quod
939 363 1029 403 loco,
1058 362 1096 396 in
1113 373 1220 405 quem
1238 365 1376 396 crescat
1395 363 1506 395 caret.
1559 359 1672 402 „Cum

118 416 254 450 malum
279 415 418 449 venerit
445 414 490 448 ad
516 424 706 453 summum,
734 414 812 445 tum
837 421 984 445 necesse
1010 413 1074 449 est,
1102 413 1142 442 ut
1168 408 1231 442 fiat
1258 408 1460 442 remissius'·‘
1485 406 1671 441 Erasmus.

119 462 296 497 Similiter
324 461 408 497 Sen.
434 462 567 504 Agam.
602 460 681 494 697.
708 469 773 493 nec
808 458 837 492 si
870 457 985 492 velint
1021 456 1172 495 saevire,
1209 467 1279 499 quo
1314 458 1481 494 noceant,
1518 454 1671 495 habent;

117 513 154 544 et
179 508 291 544 Theb.
322 509 400 544 198.
430 509 508 543 199.
536 507 636 541 cuius
663 505 761 539 haud
787 504 884 538 ultra
909 504 1006 538 mala
1033 504 1131 538 exire
1156 505 1320 547 possunt,
1349 502 1386 535 in
1414 502 1493 536 loco
1512 504 1592 535 tuto
1619 504 1675 536 est

119 557 219 591 situs.
270 554 353 590 Sen.
381 555 427 589 ad
461 554 574 589 Marc.
610 554 655 588 de
689 551 826 587 consol.
846 551 995 586 XXIII.
1023 551 1054 586 3.
1081 551 1114 584 4.
1143 549 1316 593 quicquid
1334 548 1380 583 ad
1398 560 1576 582 summum
1594 559 1675 592 per-

118 604 228 646 venit,
254 602 299 637 ad
326 602 465 637 exitum
489 611 604 646 prope
630 603 696 636 est.
746 599 832 634 Nat.
859 598 1008 642 Quaest.
1026 597 1117 632 VH.
1145 598 1177 634 9,
1193 598 1225 632 3.
1251 596 1350 630 venti
1377 596 1406 630 si
1433 595 1480 630 ad
1498 606 1677 628 summum

118 652 309 690 venerunt,
335 649 573 683 remittuntur
599 647 697 681 omni
722 647 909 680 violentia.
937 658 992 690 ep.
1020 644 1090 679 IX.
1118 645 1137 679 3
1163 644 1243 689 (74)
1281 644 1336 678 11.
1363 643 1460 686 quod
1496 654 1567 675 non
1594 653 1676 686 per·

120 697 282 732 venimus
319 696 366 730 ad
399 695 491 730 illud
532 696 668 730 bonum
710 695 925 728 immensum
959 696 996 728 et
1029 691 1297 736 insuperabile,
1336 690 1398 724 ubi
1436 699 1584 723 necesse
1623 692 1678 723 est

119 744 263 779 resistat
288 744 458 777 voluntas
484 746 619 782 nostra,
647 742 729 785 quia
756 742 852 774 ultra
880 752 1058 774 summum
1084 751 1158 773 non
1184 741 1237 773 est
1256 737 1366 772 locus.
1418 736 1541 780 Quint.
1563 734 1674 770 VIII.

120 792 151 831 4,
168 792 200 826 7.
227 791 295 825 hoc
323 790 483 835 augendi
509 802 622 835 genus
650 792 705 823 est
731 792 872 822 tantum
899 787 1039 831 aliquid
1065 786 1220 826 efficere,
1248 788 1286 818 ut
1313 796 1387 819 non
1404 785 1521 828 possit
1539 783 1676 827 augeri.

214 840 246 873 S.
272 837 491 881 Recepimus
526 836 672 871 Pithoei
704 835 1010 874 emendationem,
1049 845 1138 878 quae
1184 843 1403 877 quamquam
1436 831 1549 865 habet
1582 830 1679 873 quod

119 885 305 930 improbes
322 890 446 919 tamen
464 885 510 918 ad
524 883 823 928 probabilitatem
842 883 998 916 maxime
1027 881 1201 915 accedere
1228 879 1382 913 videtur.
1433 878 1570 912 Versus
1599 888 1678 911 sen-

120 933 234 968 tentia
260 933 349 967 haec
375 936 447 966 est:
474 930 664 974 „Feminae
690 931 720 964 si
748 930 835 974 quid
860 930 946 964 dolo
973 928 1113 972 assequi
1138 928 1278 968 volunt,
1314 937 1405 970 quae
1441 925 1676 964 mentiuntur,

118 992 191 1014 non
216 979 409 1023 loquendo,
438 979 502 1013 sed
519 978 638 1013 flendo
658 977 858 1021 proferunt.
910 976 963 1010 In
988 975 1152 1010 menda
1165 975 1284 1009 cium
1304 986 1378 1008 non
1401 973 1558 1006 multum
1575 972 1619 1006 ab
1636 982 1677 1005 eo

125 1027 272 1062 differre
298 1027 455 1067 videtur,
482 1027 579 1070 quod
604 1024 828 1060 Ribbeckius
855 1025 1020 1068 scripsit:
1057 1022 1150 1057 illud
1183 1026 1236 1056 est
1272 1021 1370 1055 enim
1395 1020 1441 1054 ad
1473 1031 1551 1054 rem
1577 1018 1678 1053 effin-

123 1074 290 1116 gendam.
316 1074 386 1108 hoc
413 1074 459 1107 ad
485 1085 562 1108 rem
587 1072 711 1106 fictam
738 1072 844 1106 fletus
872 1071 1032 1105 fundere.
1083 1069 1137 1104 Cf.
1157 1068 1240 1104 Sen.
1269 1068 1325 1102 ad.
1345 1067 1457 1102 Marc.
1478 1067 1524 1101 de
1543 1066 1680 1100 consol.

123 1121 172 1156 X.
199 1122 231 1157 6.
259 1121 304 1155 de
330 1121 393 1156 vit.
421 1121 517 1156 beat.
544 1119 688 1154 XXVI.
715 1120 746 1153 5.
774 1130 829 1162 ep.
856 1118 909 1153 II.
935 1119 956 1153 ὅ
982 1119 1060 1163 (20)
1087 1118 1118 1152 7.
1147 1116 1193 1150 V.
1224 1118 1242 1151 1
1271 1116 1351 1160 (42)
1380 1117 1412 1149 1.
1443 1113 1527 1148 XV.
1556 1114 1576 1148 3
1602 1114 1681 1158 (95)

124 1171 155 1204 1.
183 1167 255 1203 Sua
279 1168 454 1202 Erasmus
482 1168 532 1202 sic
558 1168 839 1211 interpretatur:
869 1165 936 1207 „Id
965 1168 1019 1200 est
1039 1165 1173 1199 femina
1191 1174 1376 1207 nunquam
1394 1162 1463 1196 hoc
1482 1161 1679 1196 dediseeffi.

124 1215 255 1250 Restat
280 1219 321 1249 ut
347 1216 502 1249 aliorum
534 1215 699 1248 virorum
735 1213 929 1247 doctorum
963 1212 1191 1246 coniecturas
1225 1210 1384 1244 afferam.
1434 1208 1680 1242 Buechelerus

124 1263 270 1307 quidem
288 1263 460 1297 coniecit:
480 1261 664 1296 Dec-enter
683 1260 768 1295 flere
787 1260 979 1294 feminaest
1007 1259 1249 1297 mendacium,
1269 1257 1449 1301 probante
1463 1255 1678 1294 Ribbeckio,

123 1313 377 1354 praeterquam
392 1309 488 1353 quod
503 1320 569 1353 pro
585 1309 607 1343 d
618 1320 636 1342 e
647 1320 665 1342 c
677 1311 782 1342 ente
793 1319 811 1340 r
824 1307 961 1341 mavult
975 1307 999 1341 d
1010 1317 1055 1340 ec
1067 1318 1087 1340 o
1098 1317 1157 1340 re.
1185 1305 1239 1339 Cf.
1260 1304 1366 1339 Ovid.
1381 1304 1426 1338 A.
1442 1303 1488 1337 A.
1507 1301 1580 1336 ΠΙ.
1600 1302 1679 1336 291.

123 1358 267 1392 discunt
293 1357 484 1391 lacrimare
503 1356 682 1391 decenter.
731 1354 890 1388 Dubitat
909 1353 1133 1388 Ribbeckius
1152 1364 1196 1386 an
1216 1353 1325 1396 poeta
1344 1350 1548 1394 scripserit:
1576 1348 1681 1383 Didi-

122 1416 203 1439 cere
230 1404 252 1438 f.
273 1404 297 1440 f.
319 1407 355 1438 at
373 1404 648 1438 mendac-iunist.
705 1401 874 1436 Andreas
895 1404 1016 1435 autem
1035 1400 1255 1444 Spengelius
1273 1398 1483 1443 proposuit:
1510 1396 1682 1431 Didicere

123 1452 210 1486 flere
244 1451 399 1485 feminae
435 1451 681 1485 mendacium.
717 1460 790 1483 non
823 1449 935 1487 male.
972 1448 1002 1482 si
1038 1447 1186 1491 quidem
1217 1446 1308 1480 dixit
1344 1445 1435 1479 Hor.
1471 1444 1539 1488 Ep.
1574 1442 1681 1477 XIV.

126 1500 180 1533 11.
207 1498 392 1533 testudine
419 1497 519 1531 flevit
546 1508 716 1536 amorem,
744 1496 801 1530 vel
827 1495 1028 1530 Columella
1053 1494 1099 1528 X.
1127 1494 1207 1529 350.
1243 1493 1369 1527 feralia
1397 1493 1558 1526 carmina
1584 1491 1681 1524 flere.

123 1545 179 1580 De
205 1545 383 1580 sententia
409 1544 454 1579 cf.
481 1544 587 1578 Publ.
615 1543 654 1578 M
681 1544 724 1578 35
751 1544 865 1587 (343).
916 1542 1062 1577 Petron.
1083 1542 1159 1576 Sat.
1189 1541 1241 1575 17.
1269 1541 1324 1575 42.
1347 1539 1431 1574 Sen.
1458 1539 1588 1583 fragm.
1606 1537 1679 1573 HI.

124 1605 158 1637 p.
185 1592 265 1628 429.
293 1593 349 1628 ed.
375 1591 436 1627 Fr.
462 1591 603 1626 Haasii.
654 1590 758 1625 Caec.
785 1590 893 1624 Balb.
920 1602 953 1634 p.
981 1590 1036 1624 26.
1063 1588 1161 1624 Mon.
1188 1587 1316 1622 XVII.
1344 1587 1364 1621 5
1389 1586 1507 1632 (Sent.
1535 1586 1606 1629 67).

218 1641 250 1675 9.
277 1639 473 1683 Comparat
501 1638 736 1673 Woelfflinus
762 1637 868 1671 Publ.
895 1637 925 1671 E
956 1637 998 1672 18
1023 1636 1126 1681 (164)
1150 1635 1264 1677 „unde
1289 1634 1404 1678 liquet
1430 1632 1683 1667 discordia

126 1699 203 1722 esse
217 1687 419 1721 ablativum
431 1686 676 1723 instrumenti,
692 1696 766 1719 non
780 1684 1101 1728 comparationis&
1140 1682 1312 1716 Erasmus
1327 1683 1435 1716 haec:
1449 1679 1683 1723 „Amantium

125 1735 200 1769 irae
226 1734 358 1768 amoris
385 1734 583 1779 integratio
602 1736 690 1768 est4‘.
742 1731 813 1775 Qui
840 1743 964 1766 versus
983 1730 1227 1764 Terentianus
1253 1729 1314 1773 (cf.
1333 1728 1451 1763 Andr.
1470 1726 1546 1762 III.
1575 1727 1606 1768 3,
1622 1726 1683 1770 23)

124 1782 216 1816 falso
243 1781 338 1815 inter
362 1780 592 1815 Publilianos
619 1784 787 1824 receptus
815 1783 879 1814 est.
931 1778 984 1814 Cf.
1012 1777 1118 1813 Publ.
1146 1777 1182 1811 A
1207 1777 1264 1812 37.

221 1829 275 1863 10.
301 1827 395 1862 Mihi
420 1839 487 1862 nec
513 1828 589 1862 diu
615 1839 680 1862 nec
698 1837 838 1871 saepe
856 1837 990 1866 verum,
1019 1825 1082 1859 sed
1108 1836 1152 1858 ex
1169 1825 1494 1868 interpretamento
1514 1822 1588 1856 eius
1616 1821 1678 1855 ad-

126 1876 243 1910 verbii
268 1876 466 1910 numeralis
491 1879 613 1910 ortum
627 1874 784 1913 videtur,
813 1874 871 1907 cui
890 1873 1032 1908 semel
1056 1871 1290 1916 respondeat.
1343 1869 1397 1905 Cf.
1423 1869 1560 1913 Meyer.
1590 1880 1624 1912 p.
1652 1869 1684 1903 9.

126 1924 181 1959 26.
209 1922 429 1967 Saepissime
455 1923 552 1957 enim
578 1926 614 1956 et
647 1921 745 1966 apud
779 1921 936 1956 comicos
971 1923 1008 1954 et
1041 1920 1138 1964 apud
1171 1919 1263 1952 alios
1299 1918 1498 1962 scriptores
1533 1927 1683 1950 numero

127 1970 277 2005 denario
303 1973 476 2013 tanquam
502 1968 689 2014 proverbii
713 1969 794 2003 loco
820 1968 936 2002 multa
963 1970 999 2002 et
1024 1967 1165 2001 incerta
1183 1965 1362 2009 quaedam
1388 1964 1564 2009 repetitio
1590 1962 1683 1996 indi-

127 2022 241 2057 catur.
276 2020 318 2051 ut
342 2017 478 2057 decem,
506 2016 590 2051 deni
616 2016 762 2055 multos.
790 2015 910 2050 decies
945 2024 1205 2058 saepenumero
1241 2012 1432 2057 significet.
1482 2010 1536 2046 Cf.
1563 2009 1685 2044 Plaut.

127 2065 314 2109 Amphitr.
340 2063 393 2100 II.
422 2065 453 2105 1»,
468 2065 524 2099 27.
552 2063 720 2108 equidem
746 2063 865 2097 decies
893 2062 978 2097 dixi.
1029 2060 1116 2096 Aul.
1142 2060 1173 2094 I.
1211 2061 1241 2100 1,
1258 2061 1313 2095 31.
1348 2059 1466 2094 decies
1505 2058 1564 2092 die
1602 2068 1686 2091 uno.

128 2111 238 2146 Poen.
266 2111 296 2146 I.
323 2111 450 2153 2124.
478 2111 577 2145 haud
603 2110 724 2151 semel,
760 2109 824 2144 sed
857 2109 978 2143 decies
1010 2108 1139 2142 iurasti
1173 2107 1274 2142 mihi.
1326 2105 1440 2141 Stich.
1473 2104 1547 2140 111.
1583 2106 1612 2145 1,
1629 2104 1685 2139 25.

128 2160 159 2201 2,
173 2159 229 2194 45.
256 2158 364 2194 Truc.
391 2157 443 2194 II.
470 2159 502 2197 4,
519 2159 574 2194 22.
603 2159 633 2197 6.
650 2159 681 2193 8.
717 2157 832 2201 pluris
869 2160 925 2190 est
961 2155 1125 2190 oculatus
1159 2155 1265 2189 testis
1297 2165 1400 2194 unus,
1435 2163 1542 2196 quam
1578 2151 1687 2185 auriti

129 2206 267 2241 decem.
293 2205 430 2251 (Plaut.
457 2205 588 2241 Pseud.
618 2204 687 2240 IV.
715 2204 837 2249 217).
888 2203 970 2239 Ter.
998 2202 1133 2237 Heaut.
1159 2201 1232 2237 III.
1262 2201 1363 2242 1,42.
1389 2199 1500 2244 Prop.
1527 2198 1579 2233 Π.
1607 2199 1638 2240 3,
1653 2198 1685 2233 8.

128 2252 238 2288 Mart.
264 2253 390 2299 Epigr.
418 2252 510 2288 XII.
539 2254 593 2293 56,
610 2254 641 2287 1.
669 2256 838 2295 aegrotas
865 2262 937 2284 uno
964 2250 1088 2284 decies
1115 2252 1175 2283 aut
1204 2249 1348 2293 saepius
1375 2259 1480 2282 anno.
1531 2246 1613 2281 Sen.
1642 2245 1687 2279 de

130 2300 232 2334 clem.
258 2299 290 2335 I.
316 2301 396 2341 4,1.
431 2311 534 2334 suam
566 2300 689 2343 itaque
723 2298 1015 2332 incolumitatem
1048 2300 1182 2337 amant,
1219 2307 1302 2330 cum
1333 2306 1401 2339 pro
1434 2306 1505 2328 uno
1540 2293 1686 2327 homine

132 2347 242 2381 denas
269 2346 385 2391 (Lips.
415 2347 547 2389 „immo
573 2347 632 2380 vel
657 2346 827 2385 tricenas,
857 2345 886 2379 si
912 2356 1013 2389 opus.
1050 2348 1085 2378 et
1118 2347 1173 2378 tot
1199 2343 1423 2387 habuerunt)
1456 2342 1618 2387 legiones
1651 2339 1690 2373 in

129 2395 246 2428 aciem
271 2394 466 2429 deducunt.
516 2393 655 2428 Versus
688 2393 869 2427 sententia
904 2391 978 2426 fere
1014 2391 1142 2426 eadem
1173 2391 1328 2431 videtur,
1369 2401 1477 2433 quam
1511 2387 1690 2433 expressit

132 2441 220 2476 Sall.
239 2441 316 2476 Cat.
343 2441 374 2475 I.
403 2442 434 2476 6.
461 2444 498 2475 et
523 2442 735 2485 priusquam
752 2440 917 2484 incipias,
945 2438 1122 2479 consulto,
1150 2442 1185 2472 et
1204 2438 1267 2471 ubi
1285 2436 1520 2477 consulueris,
1546 2438 1690 2469 mature

131 2488 229 2523 facto
255 2500 346 2532 opus
373 2494 438 2524 est.
489 2488 662 2522 Erasmus
688 2488 794 2522 haec:
827 2486 900 2528 „De
935 2498 1004 2530 quo
1038 2497 1112 2519 non
1143 2488 1249 2530 potes
1282 2485 1354 2518 nisi
1388 2483 1499 2518 semel
1531 2486 1690 2517 statuere

131 2535 232 2570 velut
268 2536 313 2570 de
350 2535 593 2576 matrimonio,
621 2534 665 2569 de
693 2534 909 2575 sacerdotio,
937 2534 982 2568 de
1006 2533 1076 2568 hoc
1103 2532 1166 2567 diu
1183 2531 1460 2566 deliberandum
1479 2533 1543 2571 est,
1571 2530 1688 2573 prius-

133 2594 242 2626 quam
267 2583 528 2628 aggrediaris‘·‘.
581 2582 774 2617 Sententia
798 2581 957 2615 multum
983 2580 1080 2624 apud
1107 2580 1304 2624 scriptores
1331 2579 1482 2623 agitata.
1510 2577 1565 2611 Cf.
1585 2576 1689 2610 Caec.

133 2629 238 2664 Balb.
265 2642 300 2674 p.
331 2629 385 2666 18.
412 2629 511 2664 Mon.
538 2629 569 2664 I.
597 2630 616 2664 5
643 2628 762 2674 (Sent.
790 2629 850 2672 57)
876 2627 959 2663 coll.
985 2627 1125 2672 Haupt.
1151 2626 1247 2662 Phil.
1274 2625 1348 2661 III.
1380 2637 1415 2670 p.
1453 2625 1532 2660 378.
1568 2636 1600 2658 τ.
1633 2623 1689 2658 57.

134 2675 215 2711 Sen.
243 2677 288 2711 de
314 2676 418 2711 clem.
444 2676 498 2712 II.
526 2677 604 2717 ’1.2.
638 2687 692 2720 ep.
720 2674 831 2709 VIII.
865 2676 885 2710 2
921 2675 1001 2720 (71)
1033 2675 1064 2710 2.
1097 2674 1207 2710 Mart.
1240 2672 1349 2707 Dum.
1383 2673 1428 2706 de
1463 2671 1570 2706 form.
1604 2670 1688 2704 hon.

134 2723 197 2759 vit.
223 2723 275 2760 II.
302 2724 334 2758 4.
371 2723 448 2769 (Fr.
483 2723 614 2758 Haasii
648 2723 731 2757 Sen.
765 2722 894 2767 fragm.
928 2721 999 2757 vol.
1031 2721 1105 2757 111.
1138 2733 1172 2766 p.
1208 2721 1287 2756 469.
1322 2719 1530 2754 IVeidener.
1564 2728 1687 2761 progr.
