1967 3090
754 108 1074 150 -207-

138 224 185 258 tis
211 235 255 257 ex
279 223 474 268 Eutropio,
509 223 685 263 Arnobio,
713 222 843 257 Orosio
870 223 959 257 locis
985 222 1079 257 hanc
1103 227 1226 256 notam
1252 223 1422 267 apposuit
1446 221 1688 257 Forcellinius

137 281 209 304 non
242 271 397 305 inveniri
430 270 640 304 adverbium
672 270 768 314 apud
801 270 916 303 bonos
943 270 1149 314 scriptores.
1202 268 1309 313 Quod
1334 281 1420 304 vero
1446 270 1554 304 metri
1579 281 1690 305 causa

139 318 285 362 sempsit
313 317 494 361 Meyerus,
520 328 586 351 1100
605 329 696 351 00111
699 318 775 351 enit
792 321 921 357 metro,
949 317 1048 361 quod
1066 316 1173 351 facile
1192 318 1311 360 quarti
1329 317 1432 361 pedis
1450 320 1688 362 anapaestum

136 365 286 409 respuit.
323 369 357 399 et
391 364 563 409 ambigue
590 365 727 399 (lictum
752 367 824 398 est:
864 375 948 397 nam
974 364 1084 398 etiam
1114 364 1353 407 ignominiose
1380 365 1516 399 servire
1542 364 1686 405 dicitur,

137 412 198 455 qui
223 424 304 446 cum
330 423 409 446 seri
413 424 453 446 us
481 412 526 446 sit
554 412 675 445 munia
702 410 847 445 servilia
873 422 955 445 cum
988 411 1189 456 ignominia
1228 411 1330 446 obire
1368 412 1455 445 velit
1495 411 1540 447 cf.
1580 411 1686 446 Publ.

136 458 175 492 H
194 460 236 494 ’17
256 459 369 504 (219).
395 459 464 493 His
484 459 600 493 causis
619 458 795 492 adductus
821 469 888 502 pro
913 458 1230 502 ignominiose
1258 458 1490 493 scribendum
1517 459 1686 493 existimo

136 506 288 551 inlegi
314 506 500 540 homini.
539 505 774 540 Adiectivum
796 505 922 539 inlex
939 506 1073 539 veteris
1093 505 1301 539 comoediae
1320 506 1487 549 idemque
1506 510 1560 540 est
1579 510 1688 550 atque

137 536 263 587 exlex⁰
274 553 303 587 is
338 554 400 597 qui
436 554 512 588 sine
546 553 625 596 lege
650 552 751 592 vivit,
791 552 852 595 qui
885 552 957 598 legi
991 563 1066 586 non
1101 555 1207 596 paret
1233 550 1413 597 (dit-gono).
1456 552 1508 588 Cf.
1536 553 1632 588 Fest.
1660 566 1686 589 s.

136 600 252 635 inlex:
287 600 463 645 producta
496 599 635 644 syllaba
662 598 845 643 significat
871 611 962 640 eum,
989 600 1051 643 qui
1075 600 1150 645 legi
1176 611 1249 633 non
1274 603 1395 643 paret3
1435 604 1605 644 correpta
1633 612 1686 635 se-

136 651 269 691 quente
302 648 441 691 syllaba
475 647 704 681 inductorem
735 647 780 680 ab
814 627 1022 682 inliciendo.
1073 647 1188 691 Leop.
1226 646 1439 681 Schneider.
1466 647 1590 681 Gram.
1626 648 1688 682 lat.

137 695 239 728 elem.
278 697 364 728 tom.
399 694 429 731 I.
455 707 489 739 p.
519 695 596 729 110.
634 693 791 728 Ritschl.
832 694 879 728 ad
918 694 1037 728 Plaut.
1073 693 1175 728 Pers.
1209 693 1286 728 ΙΙΙ.
1313 695 1344 735 3,
1372 695 1404 729 4.
1441 694 1618 730 Ribbeck.
1644 695 1690 729 ad

136 741 239 777 Caec.
280 741 374 776 Stat.
412 753 445 777 V.
481 742 537 777 60.
575 740 675 775 Com.
709 741 815 777 Rom.
850 740 994 786 Fragm.
1028 742 1100 777 vol.
1135 740 1186 776 ΙΙ.
1221 753 1256 786 p.
1284 742 1339 777 44.
1375 741 1496 777 Bentl.
1534 742 1580 777 ad
1605 742 1688 778 Ter.

134 787 270 823 Heaut.
297 787 347 824 II.
374 790 406 831 3,
435 790 512 824 111.
552 788 676 832 Atque
713 789 835 833 ipsum
867 789 1055 824 dominum
1089 789 1187 833 apud
1220 788 1423 823 Publilium
1456 789 1544 822 olim
1578 789 1690 824 fuisse

134 836 273 870 lectum
307 837 473 871 conicere
505 836 592 870 licet
625 847 670 870 ex
697 835 780 871 Sen.
807 836 853 870 ad
879 835 994 870 Marc.
1031 836 1075 870 de
1101 836 1236 871 consol.
1264 835 1348 870 XX.
1377 837 1408 871 3.
1436 836 1499 870 ubi
1524 836 1614 871 haec
1639 837 1688 871 le-

135 888 288 928 guntur:
316 883 435 918 Video
461 884 544 917 istic
569 894 692 918 cruces
719 895 793 917 non
818 884 922 917 unius
949 884 1098 928 quidem
1121 884 1277 928 generis.
1312 883 1376 917 sed
1404 884 1512 918 aliter
1536 884 1581 918 ab
1608 885 1689 919 aliis

135 930 347 965 fabricatas:
387 931 505 975 capite
543 930 692 975 quidam
717 942 911 965 conversos
937 931 975 965 111
1001 935 1137 965 terram
1163 932 1396 975 suspendere,
1432 931 1493 964 alii
1527 943 1593 975 per
1628 931 1690 965 ob-

136 988 267 1012 scoena
300 978 461 1022 stipitem
494 981 658 1024 egerunt,
686 978 749 1011 alii
774 977 945 1012 bracchia
970 978 1135 1022 patibulo
1162 978 1425 1022 explicuerunt.
1467 977 1585 1013 Video
1612 978 1690 1013 fidi-

134 1024 243 1065 culas,
269 1025 376 1059 video
401 1025 566 1061 verbera.
606 1024 653 1058 Et
677 1025 850 1059 membris
878 1026 1028 1070 singulis
1055 1029 1091 1059 et
1117 1026 1282 1059 articulis
1310 1026 1456 1069 singula
1483 1026 1687 1060 docuerunt

135 1071 446 1107 machinamenta:
485 1076 523 1107 at
556 1073 661 1107 video
697 1076 733 1107 et
765 1077 931 1108 mortem.
990 1072 1083 1106 Sunt
1119 1074 1201 1107 istic
1237 1073 1359 1107 hostes
1395 1074 1553 1113 cruenti,
1593 1074 1688 1108 cives

135 1119 301 1163 superbi:
341 1120 405 1154 sed
430 1120 536 1154 video
570 1121 652 1154 istic
687 1124 723 1154 et
748 1123 915 1154 mortem.
966 1119 1050 1154 Non
1077 1126 1130 1154 est
1157 1120 1271 1154 moles
1274 1124 1353 1154 tum
1380 1121 1525 1155 servire.
1552 1120 1624 1162 ubi,
1651 1121 1690 1154 si

136 1165 313 1200 domini
346 1170 613 1211 pertaesum
638 1170 725 1206 est,
761 1167 845 1200 licet
873 1179 944 1201 uno
970 1167 1088 1212 gradu
1114 1168 1160 1201 ad
1187 1167 1396 1202 libertatem
1422 1169 1591 1202 transire.
1633 1167 1687 1202 Cf.

137 1212 220 1247 Sen.
247 1224 301 1257 ep.
329 1213 441 1249 VIII.
474 1215 595 1259 1(70)
621 1215 664 1248 21
692 1217 780 1249 extr.
808 1213 876 1248 IX.
904 1215 925 1249 4
952 1215 1032 1259 (75)
1060 1215 1112 1250 18.
1146 1215 1193 1250 X.
1226 1216 1346 1252 11771
1375 1215 1428 1250 14.

229 1260 262 1295 8.
300 1260 356 1294 De
391 1262 572 1296 sententia
607 1261 689 1295 vide
715 1261 820 1295 Publ.
850 1261 874 1296 S
901 1262 946 1296 49
973 1262 1085 1305 (683).
1129 1261 1251 1306 Quint
1278 1256 1369 1297 XII.
1399 1263 1427 1301 1,
1457 1263 1487 1297 6.
1514 1261 1606 1296 1111111
1632 1266 1687 1296 est

136 1307 234 1341 enim
259 1314 334 1342 tam
361 1314 586 1352 occupatum,
613 1312 689 1342 tam
714 1308 948 1342 multiforme.
976 1312 1033 1343 tot
1058 1321 1099 1343 ac
1125 1315 1201 1344 tam
1221 1310 1331 1343 variis
1351 1308 1541 1343 affectibus
1569 1310 1686 1344 conci-

136 1366 215 1388 sum
248 1359 354 1398 atque
388 1355 599 1397 laceratum,
638 1367 745 1399 quam
779 1355 875 1390 mala
909 1368 1021 1390 mens.
1074 1356 1167 1390 Nam
1202 1360 1238 1391 et
1264 1368 1347 1390 cum
1371 1357 1575 1396 insidiatur,
1611 1368 1685 1401 spe,

135 1401 241 1442 curis,
269 1402 395 1436 labore
415 1402 665 1448 distringitur:
693 1407 729 1437 et
753 1403 825 1437 iam
843 1415 924 1437 cum
944 1404 1089 1438 sceleris
1115 1415 1264 1448 compos
1283 1403 1402 1444 fuerit,
1431 1403 1687 1443 sollicitudine,

134 1449 369 1492 poenitentia.
405 1461 602 1494 poenarum
634 1451 794 1484 omnium
827 1452 1100 1495 exspectatione
1127 1454 1387 1494 torquetur.
1438 1450 1598 1485 Pseudo·
1602 1450 1686 1486 8011.

136 1495 180 1529 (10
206 1507 295 1530 mor.
324 1497 378 1532 13.
407 1497 461 1531 14.
501 1496 600 1531 Sent.
628 1497 720 1531 falso
747 1498 842 1532 inter
868 1497 972 1533 Publ.
1001 1505 1136 1542 recept.
1166 1498 1243 1533 337.

230 1544 263 1578 9.
289 1542 373 1587 Qui
399 1545 572 1588 accipit
599 1548 654 1578 est
680 1545 874 1588 accipiens.
901 1556 1006 1588 130111
1032 1557 1097 1579 1105
1124 1546 1277 1579 dicimus
1304 1545 1580 1589 ,.Empf‘angefi‘3
1623 1558 1688 1580 nec

134 1589 262 1623 Bothii
296 1591 547 1625 emendatione
582 1603 671 1636 opus
707 1597 770 1626 est
821 1591 877 1626 De
903 1593 1118 1636 pronomine
1145 1594 1242 1626 eius
1269 1592 1502 1627 ef.Pub1.F
1529 1594 1549 1628 9
1575 1593 1688 1638 (174)

137 1635 306 1671 Ceterum
340 1637 482 1672 dubitat
518 1637 644 1684 Speng
647 1639 737 1673 elius
771 1650 816 1672 an
843 1640 888 1672 sit
924 1639 1175 1685 dittographia
1200 1651 1281 1674 vser
1284 1651 1326 1673 us
1353 1639 1378 1674 S
1406 1640 1448 1674 41
1477 1640 1591 1693 (624).
1632 1640 1687 1674 Cf.

135 1695 228 1727 quae
244 1684 496 1719 adnotavimus
515 1687 561 1720 ad
578 1685 685 1722 Publ.
714 1685 747 1720 N
768 1687 809 1722 16
838 1686 1129 1725 (392181131115
1157 1687 1267 1721 etiam
1294 1691 1347 1721 est
1374 1687 1556 1721 sententia
1581 1686 1687 1721 Publ.

137 1730 167 1764 P
195 1731 238 1766 18
265 1733 376 1777 (467).
417 1732 472 1768 Cf.
500 1738 690 1777 praeterea
716 1732 789 1767 Cic.
819 1727 896 1767 Cat
925 1727 993 1767 IV.
1023 1736 1076 1773 11.
1104 1735 1159 1769 23.
1187 1733 1279 1768 nihil
1304 1734 1404 1768 aliud
1432 1745 1452 1767 a
1478 1735 1592 1775 xobis,
1618 1735 1688 1769 m'si

134 1777 238 1812 huius
263 1780 438 1823 temporis
449 1781 646 1834 totiusque
671 1781 745 1814 mei
771 1781 979 1815 consulatus
1005 1782 1217 1816 memoriam
1242 1782 1398 1825 postulo.
1448 1781 1528 1816 Liv.
1555 1762 1611 1823 45,
1630 1783 1686 1817 42.

134 1825 311 1860 beneficia
341 1822 501 1881 gratuita
535 1839 612 1862 esse
638 1828 765 1881 populi
789 1828 966 1863 Romani:
1002 1829 1162 1882 pretium
1196 1840 1322 1863 eorum
1347 1828 1456 1863 malle
1481 1828 1688 1872 relinquere

134 1872 172 1906 in
197 1874 546 1918 accipientium
572 1876 712 1915 animis,
739 1887 849 1919 quam
865 1886 1038 1919 praesens
1057 1876 1212 1920 exigere.
1252 1876 1335 1910 Sen.
1355 1876 1399 1910 de
1417 1875 1534 1911 benef.
1554 1875 1584 1910 Ι.
1603 1876 1635 1917 2,
1658 1878 1686 1910 1.

135 1919 318 1955 Beneficia
343 1922 381 1955 in
399 1922 531 1966 vulgus
550 1933 631 1956 cum
649 1922 775 1966 largiri
801 1923 1011 1957 institueris.
1037 1922 1231 1957 Perdenda
1257 1927 1339 1957 sunt
1366 1923 1491 1963 multa.
1519 1926 1558 1956 ut
1576 1923 1688 1957 semel

133 1977 247 2010 ponas
282 1968 384 2003 bene.
417 1968 485 2004 IV.
514 1970 567 2010 13,
596 1970 627 2004 3.
662 1981 735 2003 non
762 1972 818 2003 est
843 1960 1068 2009 beneficium,
1106 1970 1203 2014 quod
1238 1971 1274 2004 in
1300 1959 1490 2014 quaestum
1515 1971 1686 2004 mittitur.

134 2013 202 2048 1100
229 2014 323 2049 dabo
351 2019 388 2049 et
413 2015 482 2050 hoc
508 2017 682 2060 recipiam
708 2017 828 2050 auctio
856 2020 921 2052 est.
949 2028 1005 2061 ep.
1032 2016 1099 2051 XI.
1128 2018 1148 2052 2
1176 2018 1257 2062 (81)
1284 2017 1315 2051 2.
1343 2029 1448 2051 nemo
1474 2017 1585 2052 habet
1610 2021 1687 2051 tam

135 2064 271 2095 certam
298 2063 335 2095 111
351 2062 536 2097 beneficiis
558 2075 717 2098 manum.
744 2067 785 2097 ut
810 2074 883 2097 non
906 2075 1012 2108 saepe
1031 2064 1200 2100 fallatur:
1227 2064 1406 2104 aberrent,
1434 2068 1474 2098 ut
1490 2065 1686 2108 aliquando

135 2107 244 2143 haere
269 2113 350 2143 aut:
376 2113 461 2153 post
488 2100 716 2155 naufragium
741 2111 855 2144 maria
881 2114 1120 2155 temptantur.

236 2156 285 2191 10.
318 2156 385 2190 Est
412 2156 708 2200 obsequium,
745 2157 842 2201 quod
868 2169 1000 2192 nomen
1026 2170 1046 2192 a
1072 2158 1244 2192 Terentio
1271 2158 1430 2202 primum
1455 2158 1595 2192 dictum
1619 2171 1685 2203 pu-

135 2205 191 2236 tat
217 2202 354 2237 Cicero.
383 2203 447 2248 (cf.
475 2202 599 2247 Quint.
627 2204 736 2239 V.111
763 2205 795 2245 3,
822 2205 877 2240 35.
904 2205 984 2239 0011.
1012 2205 1084 2241 Cic.
1112 2205 1213 2240 Lael.
1242 2206 1296 2246 24,
1324 2206 1379 2240 89.
1406 2205 1487 2240 Ter.
1511 2206 1628 2241 Andr.
1654 2205 1685 2242 I.

136 2251 166 2291 1,
192 2250 266 2295 41.)
299 2251 498 2295 interprete
522 2251 693 2285 Ernestio
727 2251 790 2296 [cf.
818 2251 983 2287 Schuetz.
1012 2252 1099 2288 Lex.
1128 2253 1220 2298 Cic.)
1245 2253 1486 2298 indulgentia,
1525 2253 1687 2287 studium

135 2276 242 2331 alicui
267 2297 510 2341 gratificando
536 2303 572 2332 et-
586 2299 622 2332 in
649 2292 815 2332 omnibus
842 2310 879 2332 se
897 2299 1034 2333 adeius
1053 2311 1209 2339 sensum,
1238 2300 1358 2334 studia
1377 2301 1685 2335 accommodando

134 2343 319 2387 placendi:
346 2357 412 2379 nos
431 2345 584 2380 dicimus
613 2345 958 2391 „Willfahrigkeitfl
1000 2346 1129 2391 Itaque
1147 2359 1230 2381 cum
1247 2347 1291 2381 de
1309 2348 1436 2390 quovis
1455 2347 1684 2382 obedientiae

133 2401 265 2436 genere
299 2392 451 2433 dicatur,
489 2404 581 2437 quae
607 2404 671 2427 sua
696 2393 827 2427 omissa
854 2394 1042 2428 voluntate
1067 2394 1113 2428 ad
1138 2394 1381 2429 obediendum
1408 2394 1516 2428 alteri
1542 2406 1579 2428 se
1605 2395 1686 2429 sub-

135 2437 249 2471 mittit
282 2439 342 2482 (cf.
371 2438 454 2475 Sen.
483 2440 529 2474 ad
554 2439 665 2474 Marc.
699 2440 744 2474 de
770 2441 906 2475 consol.
939 2440 970 2474 Ι.
997 2441 1029 2476 8.
1062 2441 1109 2475 3(1
1133 2441 1243 2477 Helx‘.
1271 2442 1316 2475 de
1341 2441 1476 2476 consol.
1504 2440 1556 2476 H.
1583 2442 1614 2477 4.
1642 2441 1686 2476 (10

134 2485 253 2519 benef.
273 2480 338 2521 VI.
360 2486 414 2527 30,
434 2487 492 2531 4):
519 2490 596 2521 tum
615 2498 700 2521 vero
727 2487 884 2521 maxime
909 2488 955 2522 ad
981 2488 1019 2522 id
1044 2488 1206 2523 officium
1230 2488 1400 2529 refertur,
1427 2489 1525 2532 quod
1551 2488 1685 2523 femina

134 2538 323 2575 praestare
341 2534 419 2567 tiro
438 2534 581 2578 cogitur
607 2534 653 2568 cf.
682 2534 765 2568 8011.
793 2534 871 2569 Oct.
890 2534 945 2570 84.
966 2536 1045 2570 214.
1084 2535 1242 2580 Nupta
1268 2540 1389 2570 autem
1415 2536 1533 2580 poe'tis
1558 2536 1684 2570 eadem

136 2590 226 2622 quae
260 2579 369 2624 vulgo
404 2592 519 2615 uxor
543 2581 602 2615 vel
634 2582 805 2615 coniux
831 2585 982 2616 vocatur
1019 2582 1065 2618 cf.
1092 2548 1185 2618 Senp
1207 2583 1314 2617 Herc.
1341 2583 1422 2618 Oct.
1454 2583 1552 2618 1352.
1583 2583 1682 2618 1467.

135 2625 216 2661 Oct.
249 2627 330 2662 278.
368 2627 465 2662 Η310
497 2640 582 2662 vero
620 2629 735 2663 amica
768 2628 826 2662 vel
859 2629 1027 2673 paelex
1060 2641 1200 2664 summa
1234 2630 1507 2664 11113113;113111
1533 2629 1683 2664 alterius

136 2683 298 2709 amorem
331 2686 434 2708 533111
467 2675 590 2710 odium
624 2676 828 2720 suspicatur
861 2675 904 2710 cf.
932 2676 1083 2711 Hieron.
1119 2678 1199 2712 adv.
1227 2677 1344 2712 Iovin
1372 2677 1400 2712 I.
1429 2689 1463 2721 p.
1494 2676 1570 2711 190.
1598 2676 1682 2711 Sen.

136 2731 189 2763 ep.
217 2720 301 2756 XV.
337 2722 356 2756 3
383 2722 461 2766 (95)
487 2722 530 2757 37
566 2727 655 2756 extr.
683 2723 770 2757 sciet
804 2723 843 2756 in
867 2734 980 2758 uxore
1005 2725 1262 2768 gravissimum
1288 2735 1364 2758 esse
1390 2735 1504 2769 genus
1530 2724 1685 2757 iniuriae
