1967 3090
769 132 972 174 —259
1039 153 1092 160 -

155 254 394 285 trectatorem
419 248 570 283 laudum
594 259 768 288 mearum.
806 246 870 281 sed
908 245 1046 280 socium
1087 245 1208 288 potius
1247 252 1283 279 et
1323 246 1532 278 consortem
1557 242 1711 287 gloriosi

156 297 292 332 laboris
319 296 521 330 amiseram.
547 294 724 329 Pithoeus
751 305 807 338 ap.
834 292 1036 327 Woelfflin.
1072 290 1172 326 Sent.
1200 290 1293 326 falso
1320 291 1416 324 inter
1440 289 1546 324 Publ.
1574 292 1712 333 recept.

158 344 226 380 349
253 345 340 389 (113
366 342 468 387 Wo.)
495 346 531 377 et
556 341 615 377 Ri.
642 353 674 376 v.
701 342 788 376 213:
815 339 882 375 Est
908 339 1005 374 socia
1022 339 1151 373 mortis
1169 338 1307 372 homini
1322 338 1398 371 vita
1417 337 1585 382 ingloria.
1613 335 1710 370 Vide

156 391 204 426 ad
230 390 335 426 Caec.
362 389 468 425 Balb.
495 388 596 424 Sent.
624 389 677 423 95.

254 437 333 472 179.
360 436 524 471 Stultum
549 440 616 474 est,
642 440 680 470 ut
707 434 794 470 velit
821 434 900 478 quis
926 433 1006 467 aliis
1032 433 1224 476 imperare,
1252 443 1335 466 cum
1360 431 1429 466 sibi
1455 431 1532 476 ipse
1559 430 1714 474 impera-

158 496 197 520 re
222 496 296 519 non
320 484 448 528 possit.

253 543 288 575 p.
315 531 370 566 40.
396 529 480 566 Par.
507 531 562 566 35.
590 528 673 570 „W.
700 528 742 564 B.
770 527 870 562 Socr.
898 526 1060 561 Stultum
1085 533 1140 560 est
1167 530 1290 560 autem
1315 529 1361 560 ut
1388 525 1509 559 velit
1535 525 1615 568 quis
1642 524 1712 558 im-

157 589 287 623 perare
313 578 405 618 aliis,
449 588 531 612 cum
565 577 634 611 sibi
659 577 839 620 imperare
866 585 939 608 non
963 574 1115 618 possit.“
1154 572 1237 608 Wo.
1275 572 1414 617 Haupt.
1453 571 1547 606 Phil.
1575 570 1647 606 ΠΙ.
1678 582 1713 615 p.

159 626 239 661 377.
266 637 298 659 v.
325 625 380 659 20.
408 623 508 659 Sent.
534 624 627 658 falso
653 624 748 658 inter
772 621 879 658 Publ.
904 625 1040 665 recept.
1068 621 1147 656 350.

256 672 334 707 180.
360 671 544 717 Diogenes
572 670 682 705 dixit:
718 669 875 714 Superat
901 668 1133 707 conscientia,
1174 666 1347 712 quicquid
1379 667 1468 700 mali
1496 665 1715 701 confinxerit

159 720 295 765 lingua.

253 778 288 811 p.
316 766 371 801 39.
397 764 480 800 Par.
509 765 562 799 17.

255 814 333 848 181.
376 811 488 847 Salon
512 823 594 846 cum
619 810 699 845 aliis
726 809 959 854 loquentibus
985 812 1134 850 taceret⁷
1172 809 1421 852 interrogatus
1449 818 1469 841 a
1495 806 1717 841 Periandro.

162 865 285 894 utrum
308 863 461 904 propter
484 859 647 903 inopiam
671 857 865 892 verborum
891 868 937 891 an
962 856 1061 901 quod
1085 856 1217 890 stultus
1244 861 1349 895 esset.
1382 858 1533 895 taceret,
1561 865 1712 898 respon-

160 908 231 942 dit:
259 906 320 953 [In
346 906 446 951 vino]
472 916 579 940 nenio
605 905 738 939 stultus
765 908 887 938 tacere
914 907 1046 948 potest.

253 966 289 998 p.
316 954 372 989 28.
397 952 497 989 Mon.
522 951 668 987 XXVI.
695 952 728 986 4.
756 951 809 985 Cf.
836 950 939 986 Stob.
957 950 1056 987 Flor.
1082 954 1108 984 t.
1136 951 1190 991 34,
1221 950 1275 984 15.
1301 947 1376 982 ἀλλ’
1407 946 1519 983 οὐδεὶς
1545 946 1602 985 ἂν,
1629 947 1718 984 εἶπε,

157 1000 276 1047 μωρὸς
301 1001 340 1033 ἐν
366 1003 551 1043 συμποσίῳ
587 1001 642 1044 (ἐν
667 1001 755 1040 οἴνῳ
780 997 878 1034 Plut.
911 998 956 1032 de
982 998 1118 1044 garrul.
1144 1009 1180 1042 p.
1207 997 1286 1032 503.
1314 995 1358 1030 de
1385 995 1534 1039 Biante)
1575 995 1717 1027 σιωπᾶν

158 1046 313 1081 δύναιτο.
366 1047 512 1081 Horum
536 1046 701 1081 locorum
726 1046 925 1080 auctoritas
952 1045 1090 1086 suadet.
1118 1049 1155 1078 ut
1174 1045 1285 1079 verba
1311 1044 1357 1077 in
1382 1043 1489 1077 vino
1511 1041 1609 1086 apud
1629 1041 1717 1075 Cae-

159 1095 284 1130 cilium
309 1094 467 1129 Balbum
491 1094 722 1128 intercidisse
748 1093 948 1127 credamus.

255 1142 333 1177 182.
360 1141 417 1175 De
442 1141 696 1175 taciturnitate
722 1139 961 1179 Xenocrates,
1001 1151 1084 1174 cum
1117 1139 1212 1172 inter
1237 1137 1352 1172 malos
1378 1140 1530 1177 taceret,
1559 1137 1715 1169 interro-

161 1192 280 1234 gatus,
307 1200 371 1223 cur
395 1188 463 1223 hoc
490 1187 637 1228 faceret,
664 1187 872 1231 respondit:
909 1186 1002 1230 Quia
1028 1187 1191 1221 locutum
1215 1197 1273 1219 me
1299 1183 1496 1228 aliquando
1523 1182 1716 1227 poenituit,

163 1236 322 1271 tacuisse
346 1247 542 1279 nunquam.

255 1295 290 1327 p.
317 1283 374 1318 28.
400 1282 500 1318 Mon.
526 1281 672 1316 XXVI.
701 1283 731 1316 1.
758 1293 791 1324 p.
819 1282 873 1316 31⁴.
902 1280 986 1315 Par.
1014 1282 1045 1315 4.
1072 1279 1301 1314 Xenocrates
1329 1278 1485 1312 dixitffl*
1514 1276 1641 1321 quial.
1665 1288 1712 1311 m.

160 1341 193 1364 a.
218 1330 411 1374 poenituit.
436 1334 461 1365 t.
488 1341 521 1364 n.
551 1328 633 1363 Val.
660 1328 758 1363 Max.
787 1327 874 1363 VII.
901 1328 921 1362 2
949 1333 1087 1362 extern.
1115 1327 1146 1362 6.
1174 1326 1226 1362 Cf.
1255 1325 1356 1361 Sent.
1384 1325 1476 1359 falso
1497 1325 1592 1358 inter
1611 1323 1716 1358 Publ.

160 1382 295 1421 recept.
323 1377 402 1412 360.
1465 1372 1475 1384 ³

258 1425 337 1459 1«’3“3.
365 1423 568 1467 Cupiditati
594 1423 672 1466 ipsa
699 1423 810 1456 etiam
836 1421 941 1456 tarda
968 1425 1025 1456 est-
1051 1420 1229 1455 celeritas.

257 1482 291 1515 p.
322 1471 374 1506 19.
400 1470 499 1505 Mon.
527 1469 557 1505 Ι.
586 1471 639 1505 15.
679 1469 761 1509 ‚.W.
789 1469 830 1504 Β.
858 1468 982 1504 Soc-r:-
1025 1467 1108 1503 Wo.
1136 1467 1190 1501 Cf.
1218 1466 1324 1502 Publ.
1352 1466 1382 1501 Ε
1409 1467 1428 1502 .3
1456 1466 1569 1511 (149).
1614 1465 1716 1499 Sent.

161 1517 256 1552 falso
282 1518 381 1552 inter
405 1517 510 1552 Publ.
537 1520 674 1561 recept.
701 1517 779 1552 365.
807 1516 1001 1550 Pithoeus:
1038 1514 1240 1559 Cupiditati
1265 1515 1373 1549 tarda
1400 1519 1453 1548 est
1481 1514 1559 1557 ipsa
1586 1512 1717 1547 celeri-

161 1568 230 1646 tbas.
256 1564 314 1600 Ri.
341 1576 373 1600 v.
400 1566 498 1599 215:
525 1564 590 1598 Est
616 1564 695 1608 ipsa
722 1563 917 1608 cupiditati
941 1563 1047 1597 tarda
1074 1562 1252 1597 celeritas.
1288 1561 1384 1596 Vide
1411 1560 1458 1594 ad
1485 1560 1589 1595 Caec.
1611 1559 1717 1594 Balb.

180 1613 265 1647 'ent.
293 1613 348 1648 95.

260 1659 338 1694 184.
365 1658 455 1693 Cato
483 1669 593 1693 senex
618 1657 722 1698 dixit.
750 1656 953 1692 Maximum
969 1656 1167 1690 maioribus
1186 1656 1318 1690 nostris
1337 1655 1452 1690 telum
1469 1654 1579 1688 fidem
1597 1653 1665 1688 fuis
1673 1664 1720 1694 se,

162 1718 206 1740 ex
232 1717 302 1749 quo
328 1707 453 1750 plures
478 1717 569 1749 pace
594 1708 792 1748 susceptae,
820 1715 926 1748 quam
953 1703 1049 1738 bello
1075 1711 1203 1748 gentes
1230 1703 1366 1737 fuerint
1394 1702 1572 1736 devictae.

257 1764 292 1797 p.
319 1755 375 1788 21.
400 1752 501 1788 Mon.
527 1751 596 1786 IV.
622 1754 654 1787 2.
686 1752 796 1792 „Cod
824 1751 1071 1796 Lindenbrog.
1101 1750 1206 1785 Caec.
1233 1750 1339 1784 Balb.
1365 1749 1511 1794 Fragm.
1539 1749 1570 1783 4.
1599 1760 1632 1791 p.
1662 1748 1718 1782 13.

162 1799 222 1835 W.
251 1799 294 1834 B.
325 1800 432 1835 Cato:
460 1799 595 1834 Docuit
621 1810 736 1843 remp.
761 1799 957 1833 virtutibus
982 1799 1099 1843 magis
1127 1809 1233 1841 quam
1259 1797 1369 1831 armis
1396 1808 1473 1831 esse
1500 1795 1715 1830 tuendamf·

163 1846 248 1881 Wo.
277 1847 332 1883 Cf.
359 1847 459 1881 Sent.
485 1846 580 1881 falso
606 1847 702 1880 inter
727 1845 833 1880 Publ.
861 1848 998 1890 recept.
1026 1846 1105 1881 366.

259 1895 337 1930 185.
365 1893 466 1938 Quae
491 1894 641 1928 fortuna
668 1893 900 1934 concesserit,
927 1896 1108 1937 temperet
1134 1892 1290 1926 iustitia:
1319 1890 1425 1935 Quod
1455 1889 1595 1924 iustitia
1620 1889 1724 1924 inve-

163 1943 269 1983 nerit,
297 1945 477 1985 temperet
504 1941 694 1986 patientia.

257 2000 293 2033 p.
331 1989 388 2023 23.
427 1988 529 2023 Mon.
555 1987 669 2023 XIII.
696 1988 727 2023 2.
755 1987 837 2029 ,.W.
863 1987 905 2021 B.
933 1986 1058 2022 Socrf‘
1093 1985 1176 2021 Wo.
1205 1985 1434 2021 Sententiam
1459 1984 1510 2018 ita
1537 1983 1727 2027 expressit

162 2034 349 2080 Hauptius
374 2035 468 2069 Phil.
495 2035 568 2070 ΠΙ.
587 2047 622 2079 p.
641 2035 739 2070 376*
768 2034 868 2079 Quae
887 2034 1106 2068 concesserit
1125 2033 1278 2073 fortuna⁷
1299 2036 1478 2076 temperet
1499 2029 1705 2064 moderatio
1718 2056 1725 2063 .

260 2083 338 2118 186.
365 2082 640 2126 Epaminondas
666 2082 777 2116 dixit:
805 2081 913 2115 Diem
938 2082 1076 2125 perisse
1102 2080 1170 2114 hoc
1197 2084 1251 2114 est
1278 2079 1371 2113 nihil
1396 2077 1635 2122 praestitisse.

164 2174 244 2211 VH
258 2130 381 2211 p5124:
402 2129 502 2165 Mon.
528 2128 634 2164 XIV.
661 2130 694 2164 4.
732 2128 815 2170 ‚,W.
842 2128 883 2163 B.
910 2128 1031 2163 Biasfi
1072 2126 1153 2162 YVO.
1192 2126 1246 2162 Cf.
1275 2125 1376 2160 Suet.
1405 2125 1475 2160 Tit.
1503 2125 1535 2159 8.
1565 2123 1725 2167 Eutrop.

261 2223 337 2259 187.
366 2223 407 2258 Si
433 2223 610 2258 sollicitus
637 2223 758 2263 fueris,
785 2222 959 2257 iudicium
984 2222 1196 2266 praevenies
1223 2221 1394 2255 alienum.

258 2282 293 2315 p.
322 2271 377 2306 29.
403 2270 503 2305 Mon.
529 2269 718 2305 XXVHI.
746 2273 778 2306 3.

260 2317 338 2353 188.
367 2317 592 2362 Speusippus
618 2317 782 2351 laudanti
813 2328 851 2351 se
883 2316 1027 2351 cuidam
1047 2315 1158 2350 dixit:
1193 2314 1385 2355 Adulator,
1403 2313 1535 2348 desine
1553 2315 1728 2355 utrosque

163 2364 310 2399 fallere:
337 2365 430 2398 nihil
454 2365 613 2409 proficis.
641 2376 723 2398 cum
749 2368 786 2398 te
811 2363 1036 2407 intellegam.

258 2423 294 2456 p.
322 2412 378 2447 39.
404 2411 489 2446 Par.
515 2412 571 2447 20.
597 2411 814 2455 Legendum
840 2414 894 2445 est
919 2415 1179 2453 utrumque.

260 2459 340 2494 189.
367 2458 524 2493 Gravius
550 2459 656 2493 labor
682 2462 746 2498 est.
775 2458 836 2492 ubi
861 2458 980 2492 nullus
1008 2461 1063 2491 est
1091 2457 1250 2490 effectus.

259 2517 294 2549 p.
321 2506 378 2540 41.
403 2505 487 2542 Par.
514 2506 571 2542 42.
597 2506 712 2540 Recte
737 2504 796 2538 W.
823 2505 865 2538 B.
893 2504 1050 2538 Gravior
1075 2506 1129 2538 est
1154 2504 1178 2539 1.
1205 2515 1239 2537 u.
1265 2515 1300 2538 n.
1319 2513 1349 2536 e.
1378 2504 1442 2536 est.
1469 2499 1614 2544 Haupt.
1630 2499 1726 2534 Phil.

165 2551 239 2588 HI.
265 2564 300 2596 Ρ.
328 2553 407 2588 3Ῑ7.
434 2565 465 2587 v.
493 2553 568 2588 30.:
596 2552 852 2591 (irat-issimus.
880 2552 943 2586 ubi
968 2551 1090 2585 nullus
1117 2550 1277 2590 effectus,
1306 2549 1418 2584 labor.

262 2599 340 2635 190.
367 2598 407 2634 Si
431 2612 561 2644 pacem
585 2600 648 2639 xis,
676 2599 764 2633 belli
789 2599 1012 2633 mentionem
1036 2609 1082 2632 ne
1107 2597 1248 2632 feceris

260 2658 295 2691 p.
322 2647 379 2681 41.
405 2647 490 2681 Par.
515 2648 572 2681 41.
599 2646 682 2687 .‚W.
709 2646 750 2680 B.
778 2644 902 2681 Socr.“
931 2644 1011 2680 Wo.

263 2694 341 2728 191.
366 2692 422 2727 De
448 2694 659 2737 maliloquio
686 2693 811 2728 Zenon
836 2692 946 2726 dixit:
975 2691 1115 2726 Malum
1139 2691 1326 2726 hominem
1350 2689 1484 2724 blande
1518 2688 1729 2730 loquentem

166 2740 405 2775 innocentum
429 2742 599 2786 laqueum
624 2752 712 2775 esse.

1445 2792 1517 2828 17*
