1967 3090
139 1499 207 1541 10.

131 2144 202 2188 20.

128 2537 183 2580 g?

471 531 964 609 CAECILII
1038 533 1371 610 BALBI

568 674 1278 752 SENTENTIAE.

250 915 315 957 Ab
348 915 430 957 alio
463 917 684 969 exspectes,
719 914 840 956 alteri
873 915 978 969 quod
1012 915 1169 956 feceris.

247 981 443 1034 Aegretis
474 980 658 1022 medicus
690 981 825 1033 magis
858 982 921 1021 est
953 993 1075 1034 quam
1107 979 1215 1020 sanis
1249 993 1364 1033 opus.

246 1045 395 1087 Aliena
426 1046 529 1087 vitia
559 1045 768 1099 preferens
800 1047 872 1086 tua
905 1045 1058 1086 audias.

245 1110 440 1151 Alienum
472 1123 571 1164 agas
603 1111 663 1151 ita
694 1109 741 1151 ut
771 1110 889 1150 tuum
921 1123 1000 1151 non
1032 1108 1242 1162 neglegas.

245 1175 373 1216 Ames
405 1175 613 1229 probatos,
647 1176 726 1215 nen
759 1177 917 1215 amatos
949 1175 1041 1228 post
1070 1174 1232 1227 probes.

244 1238 382 1280 Amici
414 1239 568 1281 famam
600 1238 775 1292 gleriam
806 1239 984 1292 imputes
1017 1240 1143 1280 tuam.

248 1304 386 1345 Amici
418 1304 598 1345 vinclum
630 1304 908 1344 arctissimum
941 1305 1004 1344 est
1036 1303 1252 1356 sapientia.

242 1368 412 1409 Amicos
445 1380 532 1409 esse
564 1368 704 1417 uelim,
740 1369 808 1421 qui
840 1369 935 1408 sunt
968 1367 1128 1408 divites.

243 1433 439 1474 Amicum
471 1433 611 1481 laedit,
646 1433 774 1474 etiam
807 1434 875 1486 qui
906 1432 1035 1473 laedit
1066 1433 1168 1474 ioco.

242 1496 435 1538 Amicum
467 1510 558 1538 raro
591 1497 787 1550 acquiras,
823 1498 992 1538 amittas
1025 1497 1119 1538 cito.

240 1562 409 1603 Amicus
441 1574 521 1603 non
555 1564 629 1610 est,
662 1562 742 1603 nisi
775 1561 961 1604 fortunae
996 1565 1058 1602 est
1088 1562 1308 1615 particeps.

240 1627 452 1668 Amittunt
485 1639 557 1667 sua
587 1626 784 1680 plerique,
819 1640 912 1667 cum
945 1625 1079 1667 aliena
1111 1627 1323 1679 appetunt.

239 1691 402 1732 Ameris
434 1691 602 1731 unicum
635 1691 698 1732 est
729 1691 946 1744 coagulum
978 1691 1088 1732 fides.

238 1756 390 1796 Anime
422 1756 556 1797 virum
586 1755 769 1809 pudicae,
803 1769 883 1798 non
916 1756 1031 1797 oculo
1066 1756 1237 1808 eligunt.

238 1821 413 1862 Armare
444 1822 587 1869 nescit,
622 1821 776 1862 milites
810 1835 929 1875 quem
961 1823 1039 1862 nen
1071 1822 1224 1862 amant.

237 1886 478 1927 Arm-arium
510 1898 607 1927 cave
638 1886 802 1939 pectore
835 1887 986 1927 habeas
1024 1886 1193 1927 (lectius.

236 1950 384 1991 Artem
417 1963 584 2004 sequare
617 1951 843 1999 honestam,
878 1952 979 1992 bene
1013 1963 1133 2004 quam
1165 1950 1368 1993 didiceris.

236 2015 435 2056 Audendo
468 2016 600 2056 virtus
633 2016 793 2065 crescit,
828 2015 1024 2057 tardande
1057 2016 1194 2057 timor.

235 2079 480 2120 Audendum
513 2082 576 2121 est
606 2080 649 2121 in
681 2080 845 2133 periclo,
879 2082 926 2121 ut
956 2081 1089 2134 possis
1122 2080 1296 2121 vincere.

234 2145 322 2185 Aut
353 2144 481 2197 poena
514 2146 576 2185 est
609 2158 754 2186 aurum
787 2146 859 2186 aut
891 2144 1012 2185 decus
1046 2146 1117 2186 aut
1146 2145 1426 2198 parricidium.

234 2209 320 2249 Aut
351 2209 428 2249 tibi
460 2209 548 2262 ipse
581 2210 636 2250 sis
668 2222 833 2250 necesse
867 2211 929 2250 est
960 2209 1054 2250 vilis
1087 2211 1158 2251 aut
1189 2210 1371 2263 pecunia.

234 2273 398 2314 Avarus
431 2273 638 2323 damnum,
672 2274 743 2314 ubi
775 2275 856 2315 nen
887 2273 1082 2324 lucretur,
1115 2274 1301 2328 ingemit.

234 2337 510 2378 Avidissimus
543 2338 711 2391 quisque
745 2338 808 2379 est
841 2351 969 2392 egeno
1002 2339 1221 2392 preximus.

232 2472 368 2513 Barba
400 2473 607 2525 tangenda
638 2474 678 2514 te
712 2475 847 2514 virum
880 2486 968 2515 esse
999 2474 1252 2516 memineris.

230 2536 347 2578 Bello
378 2538 562 2578 hemines
595 2538 770 2591 gladius,
803 2539 901 2592 pace
933 2538 1050 2580 luxus
1081 2539 1283 2581 vulnerat.

1549 1758 1587 1799 A
1621 1758 1689 1802 36.

231 2601 343 2642 Bene
377 2602 446 2655 qui
477 2601 669 2655 loquitur,
705 2603 792 2644 esse
826 2604 981 2644 amicus
1014 2604 1160 2658 coepit,
1195 2605 1264 2657 qui
1296 2605 1417 2656 male,
1452 2605 1614 2648 desinit.

232 2665 342 2706 Bene
376 2667 411 2707 si
443 2666 590 2719 egeris,
625 2667 702 2708 tibi
734 2668 820 2721 ipse
852 2669 1068 2721 personam
1101 2668 1227 2710 dabis.

230 2730 438 2772 Beneficio
472 2744 592 2784 saepe
623 2732 810 2773 inimicos
843 2732 971 2774 dando
1004 2734 1206 2786 torqueas.

230 2794 486 2836 Beneficium
519 2798 731 2850 acceptum
764 2797 954 2838 aeternae
987 2797 1135 2851 infigas
1166 2798 1398 2841 memoriae.
