1967 3090
889 81 1188 124 ——146-

274 199 359 242 quia
384 198 613 241 intellegunt,
642 196 729 240 quid
755 195 947 230 debuerint
973 208 1111 233 cavere.
1140 196 1203 230 sed
1233 206 1337 230 sero··
1357 196 1541 231 Erasmus.
1593 198 1646 232 Cf.
1668 197 1750 233 Seu.
1771 210 1827 243 ep.

274 246 320 280 X.
348 247 368 280 2
395 245 474 289 (50¹)
502 246 554 278 13.
581 247 655 277 tam
680 244 790 277 miser
816 248 870 277 est
897 244 1056 287 quisque,
1085 256 1191 287 quam
1218 244 1390 277 credidit.

368 293 399 327 6.
427 292 518 325 Cum
544 291 587 325 (10
607 291 727 333 aliquo
745 291 891 325 homine
909 291 1101 334 quaeritur,
1129 291 1237 334 quis
1268 291 1325 330 sit,
1353 291 1504 331 natales,
1533 303 1614 325 cum
1633 291 1828 335 quaeritur,

275 339 382 383 quid
409 339 466 379 sit,
485 338 581 372 vitae
607 349 720 381 genus
747 349 788 372 ac
815 338 992 379 condicio,
1020 350 1101 372 cuni
1120 339 1318 381 quaeritur,
1338 339 1414 381 (1111
1433 338 1489 378 311,
1517 349 1694 382 personae
1713 339 1831 382 digni-

272 392 328 421 tas
355 391 393 420 et
417 386 533 419 virtus
559 388 791 428 quaeruntur.
844 384 898 419 Cf.
926 385 1000 420 Cic.
1028 385 1105 420 Cat.
1133 384 1207 419 III.
1238 386 1268 425 ι’),
1287 386 1339 419 12.
1368 385 1454 420 Sall.
1475 384 1553 420 Cat.
1580 386 1635 424 44.
1653 387 1683 421 Ξ).
1736 385 1829 430 Nep.

274 434 400 468 Them.
435 432 546 467 VIII.
580 434 610 467 6.
647 431 771 476 Quint.
799 431 888 466 VII.
924 433 1002 472 24.
1030 434 1060 468 Ξ).
1088 431 1199 466 VIII.
1228 443 1389 476 prooem.
1416 436 1448 467 ὃ.
1476 432 1715 467 Oblivisci
1748 433 1770 467 i.
1800 444 1829 468 0.

273 481 520 515 dissimulare:
548 479 644 514 unde
670 480 760 513 haec
786 491 910 514 versus
938 480 1136 515 sententia:
1175 479 1407 522 „Aliquando
1434 491 1515 513 cum
1542 480 1577 513 in
1618 479 1740 523 aliquo
1775 491 1830 514 re-

273 541 353 563 rum
380 527 588 561 discrimine
623 527 791 568 versaris,
827 527 942 570 qualis
976 527 1034 561 vel
1069 530 1240 570 quantus·
1259 527 1318 568 sis,
1356 527 1583 561 dissimulare
1617 527 1706 561 utile
1740 530 1831 562 est.⁴'‘

273 576 398 619 Atque
424 574 493 608 1100
519 574 698 618 captionis
724 574 878 615 videtur,
905 575 1002 618 quod
1029 574 1195 607 oblivisci
1222 586 1304 607 cum
1329 574 1490 617 alioquin
1515 574 1671 608 hominis
1696 574 1832 618 impru-

274 623 394 657 dentis
422 622 477 662 sit,
503 621 563 655 hic
589 621 780 665 prudentis
806 633 884 655 esse
911 621 1054 656 dicitur.
1107 620 1213 665 Quod
1238 621 1412 654 Erasmus
1438 621 1561 655 nescio
1586 633 1656 664 quo
1682 626 1831 656 auctore

275 670 439 713 scripsit:
467 668 591 703 Etiam
618 668 794 709 oblivisci,
822 668 919 712 quod
946 669 1026 709 3013,
1053 668 1237 702 interdum
1275 668 1433 712 expedit,
1468 668 1520 702 sic
1551 668 1831 712 interpretatur:

276 717 484 761 „Quaedam
518 715 724 749 huiusmodi
750 720 844 757 sunt,
870 719 912 749 ut
944 716 1018 749 sint
1054 715 1292 758 dediscenda3
1321 715 1512 758 additque:
1540 715 1657 759 „Legi
1674 719 1832 760 poterat,

275 764 373 809 quod
399 764 456 804 sis,
484 767 525 797 ut
550 763 598 796 sit
624 774 765 796 sensus:
792 762 954 806 Expedit
979 763 1170 806 aliquoties
1189 763 1401 797 meminisse
1419 763 1536 807 magis
1556 763 1643 806 quid
1658 774 1832 808 praesens

277 816 420 855 tempus
447 813 484 844 et
509 821 567 844 res
594 810 766 854 postulet,
797 821 905 853 quam
931 813 994 843 tua
1020 810 1213 853 dignitas.“

371 858 401 893 7.
432 856 621 900 „Studium
647 857 743 890 lucri
769 856 869 897 facit,
905 860 946 890 ut
979 856 1126 891 fortuna
1157 857 1328 890 credatur
1362 868 1439 890 esse
1475 857 1541 891 dea
1575 868 1666 900 quae
1701 857 1834 893 faveat.

277 906 357 940 Aut
383 916 426 939 ex
452 908 582 948 questu
608 904 630 937 i.
658 915 687 938 e.
720 904 956 947 querimonia,
983 915 1066 937 nam
1093 904 1147 937 illi
1173 904 1366 948 imputant,
1403 904 1433 938 si
1459 904 1543 947 quid
1570 905 1746 938 acciderit
1772 905 1833 939 ad·

276 952 392 986 versr‘
421 952 605 986 Erasmus.
661 950 778 994 Saepe
804 951 951 994 quidem
976 951 1013 984 in
1039 951 1143 984 1111113
1168 962 1187 985 0
1213 954 1249 984 01
1275 962 1316 985 ae
1334 951 1509 985 confundi
1534 956 1661 986 notum
1689 955 1754 993 est,
1781 952 1835 986 ita

277 1003 318 1034 ut
341 999 401 1033 hic
426 999 528 1032 nulla
553 998 627 1032 fere
652 998 830 1032 librorum
857 998 1075 1031 auctoritate
1100 998 1145 1031 lis
1171 998 1289 1042 possit
1315 998 1518 1039 diiudicari,
1545 1002 1626 1032 utra
1653 1000 1835 1043 scriptura

276 1047 399 1091 potior
433 1047 491 1081 sit.
549 1045 729 1079 Attamen
774 1045 888 1078 omnis
925 1045 1076 1078 deorum
1110 1045 1230 1078 cultus
1263 1056 1333 1088 qua
1365 1045 1508 1079 ratione
1540 1046 1635 1080 inter
1668 1046 1834 1080 homines

276 1098 422 1129 exortus
442 1094 490 1127 sit
506 1093 693 1136 reputanti
710 1092 799 1125 mihi
825 1096 990 1135 questu
1010 1091 1293 1136 praeferendum
1310 1092 1463 1128 videtur.
1513 1091 1566 1127 Ut
1585 1094 1683 1127 enim
1701 1105 1836 1137 coquus

279 1141 342 1175 1110
376 1140 569 1174 Plautinus
602 1140 639 1173 in
664 1139 796 1174 Pseud.
836 1138 908 1173 III.
936 1140 1040 1179 213.
1076 1139 1264 1173 hominum
1297 1139 1448 1173 avaritia
1480 1151 1557 1184 ego,
1592 1141 1719 1184 inquit,
1755 1152 1834 1174 sum

277 1189 395 1222 factus
421 1187 622 1231 improbior
648 1198 801 1230 coquus:
830 1187 883 1220 ita
908 1198 990 1220 cum
1018 1186 1104 1220 deos
1132 1198 1266 1227 01111103,
1299 1190 1378 1220 111111
1403 1186 1607 1221 Fortunam
1632 1199 1675 1221 ex
1703 1199 1743 1222 eo
1769 1187 1833 1221 ho-

279 1236 418 1270 minum
444 1246 551 1269 sensu
578 1246 646 1277 quo
674 1237 711 1268 et
736 1235 907 1268 timerent
933 1237 970 1267 et
998 1237 1187 1278 sperarent
1212 1234 1329 1267 factos
1357 1245 1435 1268 esse
1462 1237 1560 1268 recte
1596 1235 1718 1269 docuit
1743 1235 1834 1269 Bur-

279 1284 399 1316 sianus
432 1283 469 1315 in
495 1281 600 1321 libro,
640 1293 747 1324 quem
774 1281 920 1325 scripsit
948 1281 1060 1324 „iiber
1084 1281 1156 1315 den
1181 1281 1381 1326 religisssen
1399 1280 1597 1315 Character
1615 1282 1678 1316 des
1696 1282 1833 1326 griech.

279 1329 449 1373 Mythos“
479 1328 638 1367 (Monac.
669 1328 775 1373 1875)
799 1340 834 1372 p.
864 1330 917 1362 12.
967 1328 1067 1362 Hinc
1094 1327 1285 1372 Capaneus
1311 1328 1372 1362 ille
1399 1328 1496 1372 apud
1515 1328 1608 1364 Stat.
1629 1328 1742 1364 Theb.
1761 1328 1835 1364 III.

280 1378 359 1413 661.
386 1377 523 1420 primus
550 1376 587 1409 in
614 1375 700 1409 orbe
726 1375 813 1409 deos
847 1375 936 1409 fecit
969 1376 1080 1409 timor
1113 1375 1158 1410 cf.
1186 1375 1335 1410 Petron.
1372 1375 1501 1420 fragm.
1538 1377 1594 1411 ed.
1621 1376 1834 1411 Buecheler.

281 1423 446 1458 XXVII.
474 1435 509 1467 p.
536 1423 616 1458 215.
666 1422 837 1456 Testatur
871 1423 981 1457 etiam
1014 1422 1197 1456 Martialis
1233 1423 1344 1467 epigr.
1380 1422 1490 1458 VIII.
1533 1424 1729 1465 24‚.55.56.
1763 1435 1836 1458 11011

285 1472 346 1516 qui
372 1482 416 1505 ex
442 1481 528 1504 auro
555 1470 613 1504 vel
638 1481 818 1503 marmore
844 1469 968 1515 fingat,
998 1470 1061 1504 sed
1086 1471 1148 1513 qui
1173 1474 1289 1513 roget,
1317 1481 1399 1503 eum
1427 1471 1514 1504 deos
1532 1470 1663 1505 facere.
1712 1472 1837 1515 Atque

281 1519 350 1554 1100
376 1518 414 1552 111
439 1519 556 1561 ipsam
573 1516 774 1550 Fortunam
801 1517 906 1551 deam
933 1517 1060 1551 cadere
1086 1517 1245 1551 affirmat
1263 1516 1449 1551 Iuvenalis
1468 1516 1544 1553 Sat.
1572 1517 1618 1552 X.
1647 1518 1724 1553 366.
1753 1530 1835 1552 cum

282 1577 303 1600 a
328 1565 432 1600 nobis
458 1564 559 1599 illam
587 1564 692 1598 deam
717 1564 795 1598 fieri
821 1565 995 1608 coeloque
1020 1564 1134 1598 locari
1168 1564 1275 1598 dicat.
1328 1564 1435 1598 Unde
1469 1566 1626 1599 maxime
1651 1564 1837 1599 Fortunae

281 1613 469 1647 humilitas
497 1612 738 1656 cognoscitur,
765 1612 863 1655 quod
888 1612 925 1645 in
951 1623 992 1645 ea
1016 1623 1100 1651 11011.
1127 1615 1167 1645 111
1192 1612 1229 1645 111
1255 1612 1385 1645 0010113
1422 1613 1501 1654 diis,
1537 1613 1650 1656 ipsius
1684 1616 1837 1647 naturae

282 1661 510 1694 maiestatem
537 1662 597 1692 aut
622 1659 763 1692 utiliter
789 1659 937 1692 inventa
962 1663 1191 1699 venerantur,
1219 1659 1282 1692 sed
1309 1659 1381 1692 eius
1408 1660 1481 1692 vim
1514 1660 1652 1703 pariter
1686 1660 1837 1694 levitate

287 1719 329 1741 ac
357 1707 507 1740 saevitia
533 1706 713 1749 insignem
739 1710 922 1740 verentur.
973 1705 1027 1740 Cf.
1047 1704 1170 1748 Quint.
1196 1705 1268 1739 III.
1297 1706 1327 1745 T,
1348 1707 1450 1741 6—9.
1501 1706 1618 1749 Quam
1644 1710 1836 1751 postquam

283 1766 365 1789 cum
383 1754 544 1788 oninium
562 1754 659 1786 vitae
678 1753 855 1786 bonorum
871 1753 1243 1796 commoditatumque
1270 1752 1506 1793 effectricem,
1535 1761 1612 1788 tuin
1626 1755 1837 1788 divitiarum

288 1805 397 1845 atque
424 1812 534 1844 opum
560 1804 749 1844 parentem
782 1811 897 1844 prope
932 1801 1020 1844 ipsis
1053 1800 1121 1834 diis
1152 1801 1397 1843 potentiorem
1432 1801 1722 1835 arbitrabantur:
1758 1801 1837 1835 fieri

285 1861 359 1883 non
383 1848 512 1892 potuit,
540 1848 627 1890 quin
654 1852 716 1880 aut
735 1859 833 1881 suam
852 1859 895 1881 ex
913 1848 1031 1881 aliena
1058 1847 1270 1881 condicione
1288 1847 1471 1881 metiendo
1499 1852 1560 1882 aut
1583 1860 1639 1882 res
1666 1849 1838 1882 adversas

286 1895 437 1939 indigne
452 1894 604 1928 ferendo
623 1894 823 1928 Fortunam
850 1898 890 1927 ut
915 1895 1043 1938 culpae
1061 1895 1266 1938 proximam
1292 1895 1502 1929 incusarent
1527 1899 1837 1938 quererenturque

290 1947 327 1977 et
352 1943 458 1986 plura
485 1941 530 1975 ab
558 1953 599 1975 ea
625 1942 834 1984 maioraque
860 1944 1039 1985 peterent.
1089 1941 1162 1975 Illa
1187 1945 1307 1976 autem
1333 1942 1413 1986 ipsa
1438 1942 1625 1976 hominum
1655 1943 1837 1983 voluntas,

287 2001 379 2034 quae
406 1990 477 2023 suis
503 1988 612 2022 rebus
639 2000 711 2022 non
738 1992 910 2022 contenta
935 1992 1044 2032 atque
1069 1989 1345 2034 indignabunda
1377 1989 1414 2022 in
1440 1991 1604 2032 querelas
1638 1990 1837 2024 effunditur

283 2037 346 2081 (cf.
374 2036 525 2070 Casaub.
553 2036 598 2069 ad
623 2035 742 2070 Plaut.
779 2035 911 2071 Pseud.
946 2036 976 2069 I.
1003 2036 1114 2081 3178)
1141 2048 1183 2070 eo
1211 2040 1400 2080 questus
1428 2037 1572 2071 nomine
1599 2037 1835 2083 significatur.

286 2084 340 2119 Cf.
368 2083 479 2128 Verg.
499 2083 591 2117 Aen.
620 2082 706 2118 VII.
734 2084 812 2117 501.
831 2083 923 2117 Hor.
944 2083 1062 2119 Carm.
1080 2083 1110 2117 I.
1138 2084 1193 2123 ⁴25.
1210 2085 1264 2119 16.
1282 2083 1438 2118 Phaedr.
1467 2084 1538 2119 fab.
1564 2084 1594 2120 I.
1623 2085 1653 2126 9,
1669 2085 1698 2119 7.
1751 2084 1834 2118 Val.

282 2131 404 2165 Flacc.
430 2131 490 2173 qui
517 2142 558 2164 eo
584 2130 762 2174 imprimis
785 2142 868 2164 usus
888 2134 952 2171 est,
981 2131 1070 2175 Arg.
1098 2130 1149 2165 II.
1177 2131 1254 2165 364.
1281 2132 1362 2166 402.
1379 2130 1452 2164 HL
1480 2132 1560 2166 291.
1588 2132 1668 2167 639.
1687 2143 1835 2177 magno-

285 2190 353 2222 que
379 2178 553 2221 implorat
578 2178 725 2210 numina
752 2182 890 2220 questu.
941 2177 984 2212 V.
1013 2178 1090 2213 624.
1118 2177 1205 2213 VH.
1225 2179 1301 2213 312.
1321 2182 1450 2222 questu
1469 2190 1617 2222 superos
1636 2182 1837 2222 questuque

286 2226 420 2269 fatigat
438 2224 602 2259 Tartara.
652 2224 722 2257 His
742 2225 915 2268 expositis
941 2225 1047 2259 rebus
1074 2228 1245 2268 questu
1269 2237 1392 2259 veram
1419 2226 1636 2269 scripturam
1654 2238 1837 2260 commen-

285 2273 373 2307 dare
398 2283 471 2305 non
497 2271 624 2305 dubito
654 2283 777 2305 versus
813 2273 1030 2306 sententiam
1067 2273 1118 2306 sic
1151 2273 1428 2316 interpretatus:
1464 2272 1627 2307 Fortuna
1663 2273 1730 2307 dea
1763 2285 1837 2307 non

283 2319 471 2353 hominum
497 2319 634 2362 pietate
668 2322 705 2351 et
735 2319 980 2359 veneratione,
1017 2320 1078 2353 sed
1112 2319 1362 2364 indignatione
1397 2321 1588 2364 animoque
1620 2321 1764 2365 ingrato
1799 2321 1837 2354 in

285 2367 437 2401 deorum
463 2377 655 2399 numerum
680 2373 827 2409 recepta
854 2370 918 2400 est.
970 2366 1023 2402 Cf.
1045 2366 1148 2400 Caec.
1168 2366 1272 2400 Balb.
1300 2378 1334 2410 p.
1362 2367 1416 2401 ⁴23.
1436 2367 1534 2401 Mon.
1562 2367 1671 2403 XIII.
1701 2369 1730 2402 1.
1751 2367 1836 2403 Sen.

285 2414 330 2448 de
355 2413 494 2457 provid.
522 2412 589 2447 VI.
618 2414 649 2447 3.
684 2420 771 2456 puta
806 2414 929 2457 itaque
963 2414 1070 2447 deum
1104 2414 1241 2449 dicere:
1277 2414 1363 2457 quid
1397 2414 1539 2449 habetis
1573 2415 1670 2458 quod
1701 2415 1746 2449 de
1780 2427 1837 2449 me

286 2461 418 2503 queri
443 2459 601 2503 possitis.
629 2460 672 2493 de
691 2465 807 2503 tranq.
837 2461 942 2495 anim.
970 2461 1038 2494 XI.
1066 2461 1097 2496 ¹2.
1117 2461 1402 2504 quandocunque
1421 2466 1540 2495 autem
1566 2462 1719 2496 reddere
1737 2462 1837 2495 iube-

286 2508 392 2548 bitur,
420 2518 492 2540 non
519 2511 745 2549 queretur
771 2519 852 2541 011111
871 2508 1026 2543 fortuna.
1054 2520 1109 2552 ep.
1128 2508 1211 2541 XX.
1241 2509 1261 2543 3
1287 2509 1388 2551 (120)
1410 2509 1462 2544 12.
1492 2511 1545 2544 13.
1572 2520 1756 2552 nunquam
1782 2509 1838 2542 vir

286 2554 349 2588 ille
375 2554 556 2598 perfectus
583 2554 806 2598 adeptusque
828 2555 999 2589 virtutem
1015 2555 1180 2589 fortunae
1194 2555 1383 2589 maledixit
1397 2576 1440 2579 —
1455 2577 1498 2580 —-
1513 2567 1697 2599 nunquam
1715 2556 1838 2599 itaque

287 2613 438 2646 magnus
473 2601 658 2644 adparuit,
694 2602 754 2643 qui
786 2614 969 2645 nunquam
1001 2603 1105 2636 malis
1139 2603 1333 2647 ingemuit,
1369 2614 1552 2645 nunquam
1584 2604 1628 2637 de
1662 2602 1737 2636 fato
1772 2614 1837 2636 suo

288 2652 477 2692 questus
505 2650 568 2682 est.
595 2648 639 2681 de
666 2647 786 2682 benef.
806 2647 873 2682 IV.
901 2650 931 2688 4,
949 2650 968 2684 3
995 2650 1093 2693 ipsos
1120 2650 1202 2683 illos
1221 2650 1491 2692 complorantes
1519 2654 1654 2684 sortem
1681 2661 1781 2684 suam
1800 2654 1836 2683 et

287 2695 509 2739 querulos
537 2695 782 2738 circumspice.
809 2706 864 2739 ep.
891 2695 958 2731 IX.
987 2697 1006 2731 3
1032 2697 1112 2741 (74)
1142 2697 1193 2731 10.
1223 2698 1276 2731 11.
1303 2708 1386 2730 nam
1413 2697 1443 2729 si
1477 2697 1591 2730 ullum
1626 2697 1726 2731 aliud
1759 2708 1837 2731 0330
