1967 3090
867 127 1188 171 -266—

339 243 394 275 59.
415 240 564 275 Nullum
591 241 708 285 magis
729 243 914 276 conscium
942 246 1175 286 peccatorum
1194 246 1340 278 tuorum
1358 245 1523 278 timueris
1542 257 1649 289 quam
1675 250 1805 283 temet-

242 289 380 333 ipsum3
408 288 498 322 alios
526 288 621 322 enim
649 291 753 332 potes
780 289 947 335 effugere,
977 296 1014 324 te
1042 301 1239 334 nunquam.

336 335 483 380 magis
511 339 595 369 ante
621 336 839 370 timueris
865 338 1128 381 transpositum
1164 337 1281 371 edidit
1307 337 1389 373 Ha..
1424 338 1520 373 idem
1548 340 1686 375 alium
1714 353 1743 378 c.
1771 354 1804 387 p.

243 394 270 417 e.
299 385 334 417 te
362 386 513 416 autem
542 393 727 426 nunquam
756 384 910 428 scripsit.
955 383 1150 425 ‚.(¹f.P1ut.
1179 384 1352 429 apophth.
1374 385 1452 419 Cat.
1480 387 1563 422 mai.
1591 388 1622 422 9.
1653 387 1806 431 μάλιστα

241 431 384 471 ἐνόμιζε
419 427 493 461 δεῖν
528 432 679 462 ἕκαστον
715 429 827 463 αὐτὸν
861 429 1059 463 αἰδεῖσθαι·
1099 430 1231 474 4ιιιῑόέψιι
1259 432 1325 477 γὰρ
1350 433 1477 465 ἑαυτοῦ
1502 432 1679 476 μηδέποτε
1703 439 1807 481 χωρὶς

242 476 343 512 εἶναι,
379 476 630 511 Pseudo-Seu.
659 477 703 511 de
729 489 819 512 mor.
851 479 925 513 los,
977 479 1117 513 Auson.
1159 477 1260 522 Sept.
1280 478 1365 523 Sap.
1394 480 1493 514 Sent.
1521 480 1612 517 VII.
1642 484 1669 516 1.
1699 482 1807 519 Caec.

244 523 347 558 Balb.
376 536 409 567 p.
437 524 494 558 42.
521 523 603 558 Par.
632 524 675 558 65
702 523 820 568 (Sent.
848 526 920 570 4⁵2).
964 525 1079 560 Isocr.
1107 526 1153 560 ad
1179 525 1333 562 Demon.
1361 528 1414 562 9.“
1454 527 1538 562 Wo.

339 571 393 606 60.
423 571 512 614 Quis
539 574 595 605 est
621 571 784 615 pauper?
818 573 879 616 qui
906 572 976 606 sibi
1003 573 1142 618 (dives)
1168 573 1323 609 videtur.

337 618 397 661 qui
434 618 502 651 sibi
538 618 680 652 videtur
706 618 776 653 Ha.
815 619 932 665 Lege:
969 621 1029 663 qui
1065 620 1132 653 sibi
1171 621 1316 654 videtur
1350 621 1510 667 indige
1523 634 1548 656 s,
1589 622 1635 660 V.
1663 624 1806 669 indiges

244 669 363 699 exstat
388 666 427 698 in
452 664 602 700 Pacuvii
631 677 737 700 versu
765 667 861 710 apud
888 667 961 701 Cic.
995 667 1056 701 Or.
1084 667 1135 702 II.
1162 668 1218 703 46.
1250 668 1325 704 193.
1365 667 1474 704 Prov.
1502 670 1558 704 71.
1596 669 1655 706 Ri.
1682 683 1715 707 v,
1744 672 1806 707 71:

244 711 282 746 Is
318 712 503 747 demumst
536 723 690 756 pauper,
724 716 921 757 pauperem
957 715 1017 758 qui
1045 717 1080 747 se
1106 718 1222 759 putat.
1261 714 1314 749 Cf.
1341 714 1679 763 Publ.156(286).
1707 717 1806 753 Sent.

242 759 335 793 falso
362 760 458 794 inter
484 760 589 794 Publ.
617 764 750 804 recept.
780 762 859 797 231.
899 761 981 797 Sen.
1009 763 1054 796 de
1080 762 1215 796 remed.
1246 762 1329 798 fort.
1357 762 1403 797 X.
1435 765 1463 799 1.

337 807 391 841 61.
428 806 499 851 Qui
525 819 543 841 a
570 808 695 841 multis
722 808 882 849 timetur,
910 810 1044 843 multos
1071 809 1187 843 timet.

337 854 417 888 Sen.
452 865 506 898 ep.
540 853 690 890 XVIII.
726 855 745 889 2
781 856 883 900 (105]
917 857 956 890 4:
993 857 1095 891 adice
1129 868 1242 898 nunc,
1279 858 1377 900 quod
1411 858 1473 901 qui
1507 858 1657 893 timetur
1690 860 1808 896 timet.

242 900 350 937 Prov.
378 901 433 936 86.
460 900 566 936 Publ.
596 901 635 935 M
663 902 708 936 :30
733 902 847 947 (338).
889 902 990 938 Sent.
1018 904 1112 938 falso
1139 905 1237 937 inter
1264 903 1370 940 Publ.
1397 909 1533 949 recept.
1562 906 1641 940 205.

337 949 393 983 62.
428 948 692 983 Infelicitatem
718 950 829 994 erige,
857 950 1071 985 felicitatem
1099 951 1283 987 submitte.

338 996 510 1029 submitte
546 996 760 1030 felicitatem
794 997 866 1032 Ha..
902 997 1065 1033 Cleobul.
1100 1009 1157 1041 ap.
1193 998 1295 1034 Stob.
1331 998 1429 1033 Flor.
1466 1002 1490 1033 t.
1527 1001 1558 1040 3,
1587 1001 1641 1035 79.
1670 1013 1711 1036 a:
1738 1000 1808 1033 Es,-

240 1044 425 1087 ποροῦντα
452 1042 499 1084 μὴ
537 1042 770 1088 ὑπερήφανον
803 1044 905 1082 εἶναι,
940 1044 1148 1089 ἀποροῖντα
1182 1045 1229 1087 μὴ
1262 1047 1535 1081 ταπεινοῧσθαι.
1579 1046 1679 1083 Sent.
1716 1047 1807 1082 falso

246 1091 340 1124 inter
358 1089 461 1123 Publ.
489 1094 628 1133 recept.
661 1092 738 1125 150.
765 1090 824 1126 Ri.
844 1104 877 1126 v.
908 1093 991 1127 186:
1025 1091 1186 1126 Felicem
1211 1095 1248 1126 te
1275 1092 1459 1133 submitte,
1486 1093 1670 1129 infelicem
1698 1096 1808 1141 erige.

342 1138 396 1172 63.
424 1136 595 1171 Felicitas
622 1137 761 1172 infelici
787 1138 998 1173 innocentia
1024 1143 1089 1175 est.

342 1183 441 1219 Vera
455 1184 610 1218 felicitas
631 1185 840 1219 innocentia
856 1189 909 1220 est
929 1186 999 1220 Ha.
1017 1185 1233 1223 ..Sententia
1247 1187 1283 1220 in
1299 1187 1402 1221 codd.
1417 1187 1579 1222 mutila.“
1608 1188 1690 1223 Wo.
1707 1189 1809 1226 Sent.

241 1231 332 1266 falso
359 1232 454 1266 inter
479 1231 585 1266 Publ.
613 1236 747 1276 recept.
778 1233 855 1268 109.
882 1234 961 1269 212.
1000 1234 1058 1269 Ri.
1085 1246 1117 1268 v.
1148 1234 1222 1269 187.

338 1279 392 1314 64.
420 1279 593 1322 Nequitia
619 1280 698 1323 ipsa
724 1284 780 1314 est
806 1292 924 1324 poena
950 1282 1016 1316 sui.

337 1327 391 1360 sui
418 1337 535 1370 poena
564 1330 619 1360 est
644 1327 714 1361 Ha.
742 1327 852 1363 Prov.
883 1330 935 1364 13.
970 1328 1027 1363 Ri.
1055 1341 1088 1364 v.
1119 1329 1177 1363 13:
1205 1328 1379 1372 Nequitia
1405 1341 1545 1363 summa
1571 1341 1714 1374 semper
1740 1330 1809 1365 sibi

242 1384 361 1417 poena
387 1378 442 1408 est
469 1374 534 1408 sui.
584 1373 684 1408 Sent.
721 1374 812 1409 falso
846 1375 944 1409 inter
970 1375 1076 1410 Publ.
1111 1379 1247 1420 recept.
1284 1376 1363 1411 355.
1410 1376 1463 1412 Cf.
1489 1375 1737 1412 Pseudo-sen.
1765 1377 1811 1412 de

244 1431 333 1456 mor.
363 1421 418 1456 63.
459 1420 559 1455 Sent.
587 1421 680 1456 falso
705 1423 801 1456 inter
825 1422 932 1458 Publ.
960 1426 1093 1467 recept.
1126 1424 1202 1458 109.
1230 1424 1309 1459 212.

337 1469 392 1503 65.
420 1468 522 1502 Μ313
548 1469 771 1504 conscientia
799 1481 906 1514 saepe
932 1473 1011 1505 tuta
1036 1474 1101 1512 est,
1129 1482 1256 1505 secura
1281 1482 1477 1514 nunquam.

338 1515 392 1551 Cf.
421 1515 504 1550 Sen.
532 1527 587 1559 ep.
615 1515 720 1550 XVI.
749 1517 769 1551 2
797 1516 876 1561 (97.)
908 1518 966 1552 13;
1000 1517 1061 1551 Ita
1087 1522 1152 1557 est,
1186 1521 1265 1552 tuta
1293 1518 1433 1552 scelera
1460 1529 1538 1552 esse
1564 1521 1728 1563 possunt,
1756 1530 1810 1554 se-

243 1572 331 1597 cura
356 1574 429 1596 non
448 1566 612 1607 possunt.
632 1562 781 1598 XVIII.
807 1565 827 1598 ⁴2
847 1565 953 1609 (105)
980 1566 1020 1599 8:
1049 1564 1183 1599 Tutum
1202 1565 1324 1609 aliqua
1341 1577 1399 1599 res
1418 1566 1455 1599 in
1472 1566 1570 1601 mala
1587 1567 1814 1600 conscientia

241 1613 414 1653 praestet,
442 1611 541 1644 nulla
567 1622 747 1646 securum.
775 1610 821 1645 V.
853 1614 868 1646 1
896 1613 976 1656 (424)
1002 1613 1034 1648 2.
1063 1613 1082 1646 2
1110 1613 1187 1657 (43)
1215 1613 1245 1646 5.
1285 1611 1366 1646 Sen.
1394 1612 1547 1657 Hippol.
1585 1613 1663 1648 163.
1700 1612 1809 1648 PrOV.

244 1657 297 1691 14.
324 1657 383 1692 Ri.
410 1669 442 1693 V.
472 1658 533 1692 14:
574 1657 769 1702 Nunquam
805 1670 932 1693 secura
966 1663 1021 1693 est
1048 1661 1159 1702 prava
1185 1660 1418 1695 conscientia.
1457 1659 1557 1695 Sent.
1591 1659 1683 1694 falso
1715 1660 1813 1695 inter

242 1702 349 1739 Publ.
376 1708 512 1749 recept.
540 1705 620 1740 337.
649 1706 727 1740 355.
766 1705 958 1741 Woefflin.
986 1706 1081 1742 Phil.
1109 1706 1176 1742 XI.
1204 1719 1238 1751 p.
1270 1707 1345 1741 191.

338 1752 393 1787 66.
421 1751 604 1786 Libidinis
631 1753 738 1786 initia
764 1753 978 1793 continebis,
1007 1754 1036 1787 si
1064 1754 1201 1787 exitum
1227 1754 1456 1798 cogitaveris.

338 1800 544 1834 continebit
578 1800 639 1843 qui
668 1828 674 1835 .
705 1828 710 1833 .
739 1827 746 1833 .
775 1829 782 1835 .
817 1800 997 1846 cogitabit
1030 1800 1101 1834 Ha.
1142 1801 1309 1835 Conferri
1343 1801 1444 1835 iubet
1475 1801 1664 1836 XVoefflin.
1700 1801 1810 1838 Mart.

243 1845 352 1881 Dum.
373 1846 417 1880 de
444 1846 550 1881 form.
577 1847 661 1882 hon.
688 1847 749 1881 vit.
769 1846 820 1882 H.
840 1859 875 1891 p.
895 1849 926 1887 5,
943 1849 974 1883 3.
994 1849 1026 1883 4.
1053 1848 1271 1883 VVeidener:
1300 1848 1543 1891 cuiuscunque
1560 1848 1646 1883 facti
1665 1860 1811 1884 causam

243 1893 405 1936 require:
433 1905 514 1927 cum
540 1894 645 1928 initia
672 1894 868 1935 inveneris,
897 1895 1017 1929 exitus
1043 1895 1239 1939 cogitabis,

339 1941 393 1976 67.
421 1940 595 1975 Beneficii
622 1942 765 1985 accepti
790 1953 976 1985 nunquam
1006 1946 1154 1986 oportet
1180 1942 1356 1982 oblivisci,
1384 1942 1461 1976 dati
1488 1943 1668 1986 protinus.

340 1987 441 2021 Sent.
477 1988 570 2022 falso
605 1989 701 2023 inter
726 1988 831 2024 Publ.
868 1993 1002 2033 recept.
1042 1989 1121 2025 250.
1160 1989 1218 2025 Ri.
1246 2001 1278 2025 V.
1307 1990 1392 2024 188:
1420 1990 1579 2034 Accepti
1613 2001 1808 2034 nunquam,

244 2036 314 2069 cito
342 2035 417 2069 dati
445 2035 672 2071 obliviscere.
715 2035 791 2078 „Cf.
822 2036 907 2072 Sen.
935 2037 979 2070 de
1005 2036 1124 2071 benef.
1152 2036 1203 2073 H.
1223 2037 1254 2077 2,
1286 2038 1346 2071 11:
1374 2036 1436 2080 qui
1463 2036 1565 2071 dedit
1587 2037 1807 2072 beneficium

244 2084 376 2121 taceat,
404 2087 529 2116 narret
555 2083 616 2126 qui
643 2083 795 2127 accepit.
836 2085 976 2118 Auson.
1005 2083 1105 2127 Sept.
1134 2083 1219 2128 Sap.
1248 2083 1350 2119 Sent.
1370 2083 1437 2117 VI.
1465 2084 1497 2118 4.
1518 2084 1549 2119 5.
1583 2083 1687 2120 Caec.
1705 2084 1810 2120 Balb.

245 2140 279 2173 p.
306 2130 363 2165 40.
390 2129 473 2163 Par.
502 2130 545 2164 32
572 2129 689 2175 [Sent.
719 2130 791 2174 29).
831 2130 1021 2167 Menandr.
1049 2130 1208 2167 Monost.
1237 2132 1327 2166 749:
1366 2132 1466 2175 χάριν
1502 2129 1625 2173 λαβὼν
1651 2134 1809 2174 μέμνησο

245 2179 301 2208 καὶ
328 2176 406 2211 δοὺς
432 2176 644 2210 ἕπιλαθοῦ.“
686 2177 770 2213 ὛῙῙΟ.

339 2224 394 2259 68.
421 2223 623 2258 Inhonesta
650 2225 805 2259 victoria
831 2228 886 2259 est
914 2236 996 2259 suos
1023 2225 1181 2259 vincere.

338 2270 437 2305 Sent.
456 2271 550 2305 falso
569 2271 664 2305 inter
682 2271 785 2307 Publ.
805 2275 941 2316 recept.
962 2273 1036 2307 153.
1058 2272 1116 2307 Ri.
1131 2284 1163 2307 V.
1181 2272 1266 2307 189:
1282 2272 1433 2306 Amicos
1449 2272 1602 2306 vincere
1619 2272 1813 2307 inhonesta

246 2320 303 2352 est
328 2318 496 2354 victoria.

338 2365 393 2400 69.
421 2364 519 2399 Satis
547 2368 602 2399 est
627 2376 829 2409 poenarum
854 2366 1020 2410 potuisse
1045 2366 1180 2410 puniri.

337 2411 397 2447 Ri.
423 2424 455 2446 v,
486 2413 570 2448 19οῑ
607 2411 770 2446 Poenam
803 2413 978 2448 meruisse
1017 2414 1102 2447 satis
1138 2417 1193 2447 est
1225 2416 1426 2458 poenarum
1459 2413 1587 2458 probo.
1628 2412 1682 2448 Cf.
1710 2411 1808 2447 Sent.

243 2458 337 2493 falso
363 2460 460 2493 inter
486 2459 592 2493 Publ.
620 2463 755 2504 recept.
784 2461 864 2496 336.

338 2507 416 2595 {Ii
436 2529 654 2564 Inimicitias
680 2531 785 2565 tarde
813 2531 965 2575 suscipe,
992 2531 1180 2565 moderate
1206 2541 1342 2571 exerce,
1371 2530 1531 2565 fideliter
1558 2530 1713 2575 depone.

338 2600 369 2646 ξ.
389 2600 443 2634 70.
471 2600 501 2636 I.
529 2604 554 2636 t.
583 2613 608 2634 s.
638 2601 845 2647 [amicitias]
873 2613 1000 2636 exerce
1027 2601 1214 2636 moderate
1240 2600 1310 2636 Ha.

338 2648 369 2693 ξ.
386 2648 441 2681 71.
470 2647 673 2682 Simultatis
701 2648 854 2692 depone.
881 2648 953 2682 Ha.

338 2693 394 2730 Of.
421 2694 610 2729 Woefflin.
637 2694 730 2729 Phil.
763 2694 868 2730 VIII.
896 2708 929 2739 p.
964 2696 1040 2730 185.

338 2741 394 2776 72.
421 2741 476 2776 73.
505 2741 633 2787 Imago
659 2743 770 2776 animi
798 2753 914 2777 sermo
942 2746 1011 2777 est:
1041 2743 1158 2786 qualis
1178 2742 1254 2776 vita
1288 2742 1372 2775 talis
1397 2742 1525 2776 oratio.
