1967 3090
765 110 1082 153 -177-

142 225 246 259 libris
280 226 432 271 congrui
466 224 604 269 aliquid
629 224 775 260 habeat.
823 225 1029 260 Acumen
1064 227 1184 259 autem
1215 228 1269 260 est
1295 225 1464 260 stimulus
1491 225 1548 261 vel
1574 237 1698 261 mucro

142 272 209 306 teli
234 272 385 307 alicuius
413 275 475 306 aut
500 272 650 318 ingenii,
686 283 756 325 quo
783 271 1010 306 adversarius
1038 272 1175 316 petitur
1201 271 1245 308 cf.
1272 272 1345 307 Cic.
1373 272 1418 307 de
1444 275 1535 309 orat.
1562 272 1615 308 ΙΙ.
1641 273 1698 312 38,

145 319 222 355 158.
258 323 295 354 et
335 319 382 354 ad
417 322 618 354 extremum
659 319 729 364 ipsi
763 330 800 353 se
833 322 1082 372 compungunt
1116 319 1188 352 suis
1223 319 1531 356 acuminibus.
1590 320 1697 356 Unde

143 366 234 401 haec
267 378 390 401 versus
426 367 608 401 sententia
639 366 803 400 exsistit:
846 348 1011 409 „Iactum
1050 366 1088 399 in
1128 369 1163 400 te
1192 367 1355 410 argutius
1382 366 1581 411 salsiusque
1608 367 1698 402 dicti

141 414 244 457 quasi
270 414 383 448 telum
408 413 563 448 tacendo
590 414 708 448 acrius
734 413 871 447 crimen
896 412 1061 448 reddas.“
1114 412 1168 448 Cf.
1195 412 1302 449 Publ.
1330 412 1363 447 G
1389 414 1408 448 9
1436 415 1549 459 (202).

237 461 293 495 24.
319 460 384 503 „Et
410 460 469 495 hic
494 460 712 495 trochaicus.
763 459 866 493 Bona
891 460 1115 494 conscientia
1142 459 1239 500 facit,
1267 463 1307 494 ut
1333 461 1369 494 in
1387 461 1491 495 malis
1510 473 1696 505 speremus

143 518 293 552 superos
328 508 584 542 auxiliaturos⁶⁶
620 506 806 541 Erasmus.
845 506 899 542 Cf.
939 506 1043 542 Caec.
1077 506 1183 541 Balb.
1218 519 1252 551 p.
1288 507 1343 543 28.
1384 506 1483 542 Mon.
1516 508 1640 545 XXV.
1674 510 1694 544 2

144 553 260 596 (Sent.
289 555 360 599 33).
387 555 474 589 ibid.
501 566 535 599 p.
563 554 619 590 28.
646 553 747 590 Mon.
766 553 889 588 XXV.
917 555 937 588 3
963 553 1081 598 (Sent.
1110 554 1203 598 171).
1230 554 1329 588 Sent.
1358 554 1450 588 falso
1477 555 1573 590 inter
1591 555 1696 592 Publ.

142 612 224 636 rece
253 605 276 636 t.
304 602 384 637 329.

226 614 293 684 Ι25.
320 649 414 683 Utra
439 659 526 683 vera
551 648 734 691 scriptura
760 648 816 689 sit,
844 648 1044 682 diiudicare
1071 647 1221 682 difficile
1248 651 1322 682 est:
1351 660 1418 692 pro
1444 649 1560 683 altera
1585 650 1695 694 scrip-

142 697 225 730 tura
252 696 447 739 loquuntur
480 695 587 731 Publ.
613 696 649 731 A
667 695 722 731 32.
749 695 780 729 L
808 696 828 730 9
855 696 969 740 (300).
995 694 1037 729 M
1056 696 1076 730 3
1102 696 1215 740 (311).
1241 694 1272 729 P
1298 696 1341 731 21
1369 696 1483 740 (470).
1511 696 1584 731 Sed
1618 708 1699 731 cum

140 753 200 777 res
231 743 422 778 iudiciaria
459 745 601 788 agatur,
641 742 750 776 iudex
787 742 848 786 qui
885 742 979 776 male
1006 742 1155 779 iudicat.
1191 743 1296 777 litem
1330 754 1432 776 suam
1466 743 1556 778 facit
1590 747 1697 787 atque

140 791 245 833 quasi
271 802 315 824 ex
341 791 475 825 delicto
494 790 695 834 obligatur:
722 790 784 834 qui
801 800 888 824 vero
907 789 1040 824 iniuste
1056 790 1229 827 vindicat.
1257 790 1403 834 publice
1422 791 1615 825 crimine
1633 791 1696 825 ob-

142 837 346 882 stringitur.
391 837 444 873 Cf.
471 849 503 871 v.
543 836 707 872 Scheurl.
734 836 869 872 Lehrb.
905 836 939 871 d.
968 835 1092 871 Instit.
1118 837 1256 883 53:14?
1282 836 1381 872 Η1110
1412 837 1697 873 vindicando

140 884 420 928 praeferendum
445 884 599 920 videtur.

235 932 290 967 26.
329 931 385 966 Ι)6
412 931 591 966 adiectivo
618 931 788 966 doctus
814 931 1011 1023 pdubitavit
1043 930 1227 965 Nauckius
1263 930 1348 966 Mel.
1377 931 1621 967 Greco-Rom.
1661 933 1697 966 in

139 977 224 1012 Act.
260 977 409 1023 Petrop.
446 979 548 1014 1869.
582 983 670 1014 tom.
705 977 780 1014 ΙΙΙ.
814 990 848 1023 p.
885 979 962 1014 195.
1014 977 1088 1013 Sed
1121 978 1284 1013 doctus
1318 979 1352 1014 h.
1380 979 1402 1014 l.
1438 983 1492 1014 est
1524 979 1695 1023 prudens,

139 1028 252 1066 catus,
292 1026 528 1071 intellegens:
567 1038 633 1060 nos
667 1025 820 1060 dicimus
854 1025 1082 1071 gescheit.
1135 1025 1187 1061 Of.
1223 1026 1269 1060 ad
1302 1025 1409 1062 Publ.
1445 1026 1472 1060 O
1510 1027 1555 1062 25
1582 1027 1695 1071 (110).

140 1071 179 1105 H
206 1073 247 1107 11
275 1074 386 1113 (213)
417 1055 624 1118 ῗ83ρ1611115
652 1073 742 1118 (11110
769 1072 976 1118 prudentis)
1003 1076 1057 1107 est
1079 1084 1152 1107 non
1171 1077 1404 1108 contemnere
1423 1073 1567 1108 hostem
1585 1086 1696 1118 quan-

139 1120 273 1153 tumvis
291 1100 483 1202 humilem:
511 1123 633 1165 potest
651 1120 748 1155 enim
765 1131 832 1165 per
850 1121 1077 1155 occasionem
1095 1124 1243 1155 1100616ιι
1259 1120 1446 1157 Erasmus.
1466 1121 1519 1157 Cf.
1539 1121 1696 1157 Phaedr.

138 1166 410 1203 fab.1.28.1.
451 1167 624 1221 Quamvis
652 1168 822 1202 sublimes
849 1167 982 1202 debent
1010 1167 1163 1201 humiles
1190 1171 1362 1204 metuere.

235 1215 290 1249 27.
320 1214 467 1257 ,,Μ15611
493 1215 568 1248 risu
594 1215 706 1249 etiam
732 1214 985 1248 offenduntur‘
1013 1214 1199 1250 Erasmus.

235 1261 290 1296 28.
320 1241 432 1303 ;,(311111
466 1262 668 1296 absolvitur
702 1273 845 1302 11006115,
885 1265 972 1295 tunc
1009 1261 1118 1296 iudex
1152 1273 1225 1296 non
1252 1262 1423 1298 innocens
1451 1263 1497 1297 sit
1524 1266 1691 1307 oportet“

139 1306 325 1343 Erasmus.
354 1308 408 1344 Cf.
434 1308 558 1352 Quint.
584 1308 652 1343 ΥΙ.
681 1310 710 1349 1,
747 1310 796 1344 11.

236 1355 291 1391 29.
330 1355 412 1390 Ηο0
439 1368 545 1391 versu
572 1356 602 1390 si
628 1358 737 1401 po'eta
762 1356 854 1390 illud
887 1356 1018 1390 docere
1046 1368 1075 1389 v«
1070 1356 1230 1395 ssuisset,
1258 1356 1457 1397 clementis,
1497 1357 1594 1401 quod
1631 1358 1694 1392 ho-

137 1402 252 1436 mines
287 1402 449 1443 deceret.
484 1403 621 1447 ingenii
654 1415 731 1438 esse
766 1403 808 1444 61,
841 1415 947 1447 quem
973 1403 1136 1447 puderet.
1171 1404 1378 1448 ignoscere:
1406 1405 1533 1439 melius
1561 1406 1692 1439 ceteris

137 1448 332 1483 Erasmum
358 1451 546 1494 scripsisse
572 1450 749 1491 existimo,
778 1462 860 1484 cum
886 1462 952 1494 pro
979 1450 1207 1485 hominum
1234 1451 1411 1485 scriberet
1438 1452 1691 1487 humanum.

137 1496 191 1530 At
216 1497 275 1530 vel
308 1498 360 1530 ita
393 1498 573 1532 sententia
608 1497 727 1541 friget.
762 1509 844 1531 eum
869 1497 960 1531 nihil
987 1497 1130 1538 habeat,
1166 1498 1262 1541 quod
1290 1499 1407 1532 acrius
1434 1510 1543 1542 quam
1569 1500 1693 1534 mitius

138 1542 290 1578 Publilii
308 1544 496 1588 ingenium
513 1544 660 1579 referat.
694 1544 852 1578 Accedit
878 1544 976 1588 quod
994 1545 1068 1578 sive
1095 1544 1326 1579 hominum
1353 1546 1427 1580 sive
1454 1546 1692 1580 humanum

138 1590 339 1635 scripseris,
366 1592 404 1625 in
423 1603 596 1636 suspenso
616 1592 696 1633 erit,
724 1595 845 1625 utrum
863 1592 993 1626 melius
1014 1592 1059 1625 sit
1086 1591 1162 1625 ubi
1188 1592 1329 1636 pudet
1350 1604 1396 1626 an
1413 1593 1505 1627 nisi
1530 1594 1690 1638 pudet:

138 1641 329 1682 utrumque
369 1639 464 1672 enim
502 1638 544 1673 fit
577 1650 621 1673 ex
646 1639 835 1672 hominum
865 1644 996 1672 natura
1022 1640 1210 1683 ignoscere
1237 1643 1270 1674 et
1297 1639 1374 1674 ubi
1401 1640 1514 1684 pudet
1540 1644 1576 1675 et
1602 1641 1693 1674 nisi

137 1685 262 1738 pudet.
312 1686 409 1730 Quid
435 1686 531 1729 quod
557 1686 733 1721 Gruterus
752 1697 889 1726 versus,
917 1697 1070 1729 quorum
1088 1686 1126 1720 in
1143 1686 1258 1720 altero
1276 1687 1352 1720 ubi
1371 1687 1493 1731 pudet,
1520 1689 1558 1722 in
1576 1688 1692 1723 altero

137 1732 228 1766 nisi
254 1733 365 1776 pudet
392 1733 583 1778 legeretur.
618 1733 707 1768 duos
740 1732 911 1767 admisit‘>
949 1733 1142 1767 Postremo
1176 1737 1265 1770 est
1303 1734 1401 1777 quod
1439 1735 1476 1769 in
1510 1735 1693 1779 plerisque

138 1778 242 1813 libris
269 1783 334 1821 est,
375 1780 500 1815 abesse
527 1781 659 1815 debere
685 1781 862 1825 probatur
894 1781 1028 1815 codicis
1056 1771 1269 1815 Basiliensis
1304 1782 1494 1825 scriptura
1558 1782 1690 1836 Quam-

138 1826 264 1860 obrem
297 1838 364 1872 ego
397 1829 601 1862 sententiae
635 1828 704 1862 hoc
738 1827 939 1862 remedium
972 1828 1151 1871 quaesivi,
1192 1831 1229 1862 ut
1265 1828 1456 1872 ignosse
1481 1830 1578 1863 noli
1606 1830 1692 1864 scri·

137 1873 271 1910 berem.
333 1874 440 1909 Unde
473 1875 562 1909 haec
589 1876 771 1909 sententia
795 1875 956 1910 exsistit:
998 1874 1073 1917 „Ne
1107 1875 1166 1909 cui
1191 1876 1383 1919 ignoveris,
1419 1877 1489 1910 nisi
1515 1888 1607 1918 eum,
1636 1877 1693 1911 cui

137 1921 333 1965 ignoveris,
359 1922 505 1966 pudet.⁶‘
549 1922 748 1967 Ignosse
775 1921 928 1966 perfecti
953 1922 1131 1966 temporis
1159 1922 1379 1957 infinitivum
1405 1934 1486 1957 cum
1509 1924 1552 1958 iis
1571 1924 1693 1959 verbis

137 1969 309 2014 coniungi
343 1969 469 2009 solere,
504 1981 658 2013 quorum
684 1981 726 2003 ea
750 1970 805 2003 vis
832 1969 889 2009 sit,
917 1972 957 2003 ut
982 1973 1061 2003 tota
1096 1969 1142 2003 ad
1175 1969 1338 2003 futurum
1371 1973 1515 2015 tempus
1551 1974 1694 2015 spectet

136 2015 200 2060 (cf.
226 2015 368 2060 Zumpt
397 2016 1376 2062 Οτι-3111.131.ξ.ἷ)98.ν6116,110116,0317616110556)
1417 2018 1569 2052 adnotat
1595 2018 1691 2052 Hor-

137 2062 253 2096 keh'us
272 2028 427 2099 adp.Hor
446 2064 492 2098 A.
510 2063 553 2098 P.
574 2064 629 2099 98.
649 2063 703 2097 Cf
722 2063 815 2099 Hor.
835 2062 950 2099 Serm.
977 2062 1029 2098 ΙΙ.
1057 2063 1087 2103 3,
1120 2063 1196 2099 187.
1223 2063 1252 2099 Ι.
1280 2064 1311 2104 2,
1339 2065 1394 2100 28.
1421 2064 1490 2109 Ep.
1517 2065 1547 2101 Ι.
1578 2066 1631 2107 17,
1659 2067 1690 2101 5.

135 2108 182 2145 A.
216 2109 258 2146 P.
296 2110 373 2146 168.
408 2110 486 2146 347.
527 2111 606 2146 435.
645 2111 726 2145 455.
777 2110 885 2154 Quod
930 2110 977 2145 ad
1001 2090 1147 2164 ‘pudet
1184 2122 1225 2145 ex
1263 2091 1418 2146 relativo
1465 2113 1690 2147 accusativus

137 2167 233 2190 eum
258 2157 527 2202 intellegendus
555 2161 620 2200 est,
659 2169 732 2191 non
757 2161 811 2192 est
838 2158 934 2201 quod
960 2158 1147 2192 miremur:
1187 2157 1390 2192 Publilium
1415 2160 1513 2193 enim
1539 2171 1580 2194 eo
1606 2171 1690 2203 pro-

135 2204 281 2238 nomine
314 2215 453 2245 carere,
493 2216 601 2248 quam
627 2205 680 2239 uti
705 2205 875 2239 maluisse
908 2209 1008 2249 puto,
1048 2216 1130 2239 cum
1164 2216 1207 2239 ex
1241 2205 1319 2249 ipso
1353 2207 1528 2240 sermonis
1563 2210 1691 2242 tenore

135 2250 243 2285 facile
277 2251 562 2296 intellegeretur.
613 2252 666 2286 Cf.
704 2253 750 2286 ad
781 2251 887 2287 Publ.
922 2251 951 2287 F
977 2252 997 2286 9
1030 2252 1144 2297 (174)
1197 2251 1416 2306 Spengelius
1444 2253 1590 2297 quidem
1616 2255 1690 2288 cui

137 2299 280 2341 generis
306 2299 468 2333 neutrius
495 2311 573 2334 esse
598 2303 697 2333 ratus
716 2300 995 2344 interpretatur:
1026 2299 1219 2343 „intellege
1246 2301 1344 2335 eius
1371 2301 1456 2336 cui.
1463 2304 1478 2320 ⁶
1515 2300 1689 2335 Erasmus

138 2355 220 2378 cum
253 2346 430 2389 explicet:
473 2346 577 2380 ..Non
602 2346 865 2392 ignoscendum
892 2350 955 2387 est,
982 2347 1052 2380 nisi
1079 2347 1264 2390 poeniteat
1290 2347 1397 2382 facti⁶⁶
1422 2359 1495 2382 non
1521 2360 1596 2389 sua⁷
1624 2348 1690 2382 sed

135 2392 255 2426 aliena
281 2393 466 2437 explicuit.

231 2439 286 2475 30.
317 2439 449 2482 „Forte
475 2440 535 2486 leg
537 2440 669 2475 endum
689 2444 752 2483 est,
780 2441 896 2484 inquit
915 2440 1099 2482 Erasmus,
1127 2441 1377 2486 plurimum
1395 2442 1454 2476 vel
1480 2442 1688 2486 plurimi.

133 2484 299 2578 {fultum
317 2487 415 2521 valet
452 2488 613 2528 audacia.
653 2500 735 2522 cum
760 2499 817 2522 res
849 2491 905 2522 est
937 2488 1047 2523 dubia
1081 2468 1115 2524 11.
1143 2499 1172 2524 e.
1208 2489 1446 2533 periculosast
1490 2489 1542 2525 Cf.
1569 2488 1688 2523 Plaut.

194 2533 232 2568 id
268 2533 289 2568 Ι
326 2535 440 2574 2,10.

232 2581 286 2616 31.
330 2580 428 2625 Quid
468 2581 639 2616 differant
678 2593 723 2616 se
761 2581 948 2616 damnat
986 2586 1023 2616 et
1060 2582 1306 2617 damnatur
1332 2583 1456 2618 videre
1493 2583 1580 2617 licet
1605 2582 1687 2618 coll.

135 2626 242 2662 Publ.
275 2627 303 2661 G
336 2629 378 2664 13
417 2629 497 2674 (97)
532 2633 567 2663 et
594 2628 619 2663 S
655 2629 696 2663 31
732 2629 846 2673 (614).
900 2628 1091 2674 „Quisquis
1126 2630 1291 2664 admittit
1323 2630 1451 2670 scelus,
1491 2630 1590 2664 illico
1619 2629 1689 2664 sibi

135 2674 328 2709 damnatus
363 2679 417 2710 est
450 2676 569 2711 iudice
596 2676 829 2717 conscientia,
865 2677 1008 2711 etiamsi
1033 2677 1141 2712 iudex
1167 2689 1274 2712 nemo
1300 2677 1535 2722 pronuntiet“
1580 2676 1690 2711 Eras-

136 2732 226 2758 mus.
278 2721 332 2756 Cf.
359 2721 443 2758 Sen.
469 2734 526 2767 ep.
553 2722 659 2758 XVI.
686 2724 707 2758 2
732 2722 812 2768 (97)
840 2724 893 2759 14.

1410 2783 1454 2818 12
