1967 3090
730 141 778 145 —
846 117 1047 158 147-

113 235 306 270 existimat.
327 234 483 278 primum
498 233 592 267 male
607 232 839 276 providentia
854 232 990 266 iudicat
1004 253 1047 256 —
1066 231 1121 265 Ex
1140 232 1207 266 hac
1226 231 1478 276 deploratione
1491 232 1663 272 nascitur,

114 286 154 316 ut
172 282 305 327 ingrati
326 281 530 314 divimnrum
549 281 766 323 interpretes
786 280 914 312 simus:
931 291 953 322 q
963 279 1109 312 nerim
1117 291 1140 312 u
1150 291 1178 319 r,
1195 279 1290 323 quod
1309 291 1382 313 non
1402 291 1551 324 semper.
1567 279 1665 323 quod

113 333 151 363 et
176 340 291 373 pauca
316 328 420 362 nobis
448 332 481 361 et
509 327 647 360 incerta
679 333 715 360 et
739 326 881 360 abitura
907 326 1131 369 contingant.
1165 326 1210 360 de
1236 331 1351 369 tranq.
1388 327 1494 360 anim.
1528 326 1596 361 IX.
1631 327 1663 361 2.

112 377 292 410 discamus
309 396 352 401 -
376 375 413 408 id
433 386 550 416 agere.
569 378 609 407 ut¹
628 374 774 407 divitias
800 385 820 407 a
845 373 950 407 nobis
978 373 1108 416 potius.
1137 385 1244 416 quam
1269 385 1288 407 a
1315 373 1461 407 fortuna
1487 380 1664 417 petamus

111 426 186 457 nat.
212 428 348 466 quaest.
375 421 448 456 III.
475 421 590 465 praef.
621 422 672 454 11.
700 420 786 463 quid
813 424 867 454 est
892 419 1153 464 praecipuum?
1190 421 1328 463 erigere
1362 421 1521 454 animum
1556 432 1665 465 supra

110 470 226 504 minas
250 473 287 503 et
308 470 486 513 promissa
508 468 684 501 fortunae.
712 466 818 510 Quod
832 478 919 501 vero
934 467 1104 510 displicet
1125 478 1211 511 qua
1224 470 1335 509 estu,
1355 467 1441 501 licet
1462 467 1664 502 faciliorem

110 516 450 561 interpretationem
475 515 608 549 habere
625 514 802 553 videatur,
829 514 898 548 hoc
916 515 1072 548 maxime
1089 514 1329 558 premendum
1348 519 1412 554 est,
1440 515 1537 558 quod
1556 526 1663 559 quae-

112 567 186 598 stus
212 575 286 597 non
311 567 387 597 tam
413 566 581 607 quaestus
608 561 765 595 faciendi
784 561 944 595 studium
973 561 1237 604 libidinemque
1261 562 1361 606 (nost
1389 561 1448 595 die
1479 561 1595 596 Sucht
1619 574 1663 595 zu

110 610 313 655 erwerben)
346 610 403 643 vel
430 610 538 643 etiam
572 611 613 642 ut
645 608 756 642 verbo
792 608 930 649 dicam,
966 608 1171 649 avaritiam,
1209 620 1316 651 quam
1350 612 1411 642 aut
1445 609 1664 643 industriam

110 658 149 692 in
173 669 213 692 re
239 657 407 691 facienda
432 656 589 701 positam
616 659 678 689 aut
703 655 822 699 ipsum
848 666 891 689 ex
917 655 1012 689 vitae
1046 666 1180 701 genere
1214 659 1435 699 proventum
1469 655 1662 700 significat.

107 705 225 749 Atqui
250 705 320 738 hoc
346 704 465 748 ipsum
490 705 600 747 poe'ta
624 703 745 737 dicere
771 702 848 736 vult
865 714 937 737 non
954 702 1143 736 hominum
1160 703 1308 743 virtute,
1338 702 1401 736 sed
1418 703 1506 736 vit-io
1526 702 1664 736 factum

109 763 196 793 esse,
222 755 264 786 ut
289 751 357 785 dea
382 750 485 785 fieret
501 750 680 784 Fortuna:
710 753 876 792 quaestus
895 753 1016 784 autem
1042 750 1082 790 is⁷
1113 761 1218 794 quem
1237 749 1407 794 explicui,
1435 761 1501 794 per
1528 761 1565 784 se
1590 761 1663 783 non

108 799 261 833 vitiosus
287 802 352 832 est.
403 797 457 833 Cf.
483 797 604 833 Plaut.
633 797 721 832 Cist.
747 796 778 831 I.
805 798 836 837 2,
853 797 884 831 2.
910 796 1006 831 Rud.
1040 797 1069 832 I.
1105 797 1206 838 3.63.
1233 796 1284 832 H.
1322 798 1350 837 1,
1367 797 1398 831 2.
1434 797 1562 840 quibus
1596 808 1664 831 nec

109 850 280 889 quaestus
307 848 362 879 est
387 856 453 879 nec
479 844 640 878 didicere
667 848 784 878 artem
809 844 931 879 ullam.
958 843 1004 879 V.
1032 845 1064 885 2,
1083 844 1138 879 58.
1169 843 1262 888 Nep.
1288 844 1368 879 Att.
1395 843 1462 879 IX.
1491 844 1522 879 5.
1550 844 1664 878 maxi-

107 905 207 927 mum
232 893 441 927 existimans
468 896 660 936 quaestum
685 903 883 925 memorem
908 895 1127 936 gratumque
1145 892 1328 935 cognosci.
1379 890 1481 926 Caes,
1500 890 1576 925 BG.
1597 890 1663 925 Vl.

111 941 166 976 17.
194 939 291 973 hunc
316 938 568 984 (Mercuriam)
603 939 650 972 ad
684 942 855 982 quaestus
887 939 1065 982 pecuniae
1098 942 1391 982 mercaturasque
1425 938 1558 973 habere
1591 939 1665 972 vim

109 987 305 1021 maximam
331 986 566 1021 arbitrantur.
618 986 708 1020 Sall.
735 985 812 1021 Cat.
838 985 950 1019 XIH.
977 989 1067 1020 extr.
1096 985 1190 1020 Cels.
1216 985 1290 1021 III.
1316 987 1349 1020 4.

202 1034 234 1069 8.
264 1033 442 1076 „Vincere
475 1034 667 1067 avaritiam
706 1036 769 1066 aut
801 1034 893 1067 iram
926 1033 1007 1077 plus
1042 1036 1097 1067 est
1132 1044 1239 1076 quam
1271 1035 1445 1077 regnum“
1481 1032 1664 1068 Erasmus,

109 1080 162 1117 Cf.
198 1080 272 1116 Cic.
306 1080 383 1115 Cat.
416 1079 502 1116 Mai.
528 1080 617 1114 XII.
652 1082 709 1115 41.
744 1091 811 1114 nec
844 1081 940 1115 enim
972 1080 1126 1114 libidine
1161 1080 1370 1114 dominante
1402 1081 1665 1124 temperantiae

108 1128 229 1162 locum
256 1139 335 1162 0330
359 1139 475 1171 neque
502 1128 649 1162 omnino
675 1129 713 1162 in
737 1128 938 1172 voluptatis
971 1139 1082 1172 regno
1114 1130 1286 1162 virtutem
1320 1138 1428 1171 posse
1455 1127 1664 1162 consistere.

202 1176 234 1210 9.
260 1174 362 1209 Nihil
389 1180 444 1209 est
470 1175 707 1210 dubitationis
734 1175 778 1209 de
804 1187 928 1209 versus
955 1176 1150 1209 sententia:
1180 1174 1400 1209 describitur
1424 1175 1521 1209 enim
1547 1175 1665 1208 omnis

108 1223 242 1257 exsulis
268 1222 425 1262 miseria,
453 1222 511 1256 cui
535 1233 602 1257 nec
627 1223 703 1256 ulla
727 1234 878 1266 usquam
904 1223 1032 1256 domus
1052 1223 1097 1256 sit
1124 1226 1159 1256 et
1186 1222 1219 1256 ei
1246 1222 1374 1256 similis
1400 1222 1576 1262 videatur,
1606 1222 1664 1256 cui

108 1273 252 1303 mortuo
278 1280 324 1303 ne
351 1269 557 1313 sepulcrum
591 1270 736 1313 quidem
765 1269 950 1315 obtigerit.
1000 1269 1130 1303 Exsuli
1164 1269 1261 1303 enim
1298 1281 1380 1303 cum
1413 1268 1511 1302 nulla
1537 1269 1665 1303 domus

109 1320 213 1357 esset,
248 1328 338 1360 quae
372 1317 442 1350 nisi
475 1317 514 1350 in
546 1317 665 1361 patria
699 1328 776 1351 esse
809 1327 881 1350 non
914 1319 1066 1361 poterat,
1101 1317 1198 1360 apud
1223 1316 1409 1350 Romanos
1442 1327 1509 1351 1100
1534 1316 1663 1350 civitas

111 1367 189 1397 erat
221 1375 288 1398 nec
324 1363 502 1397 bonorum
541 1365 721 1408 possessio
753 1364 798 1398 cf.
824 1363 973 1399 Jacobs,
1008 1363 1054 1397 ad
1089 1363 1178 1399 Sall.
1213 1363 1292 1398 Cat.
1328 1365 1382 1403 51,
1418 1364 1473 1399 22.
1507 1363 1663 1398 Walter.

107 1409 205 1445 Hist.
232 1411 298 1446 iur.
325 1410 481 1446 Roman.
514 1422 549 1455 p.
581 1412 660 1446 846.
710 1411 810 1446 Hinc
842 1414 942 1446 recte
970 1411 1160 1445 Erasmus:
1214 1410 1360 1453 „ExsuL
1394 1411 1455 1454 qui
1488 1422 1665 1454 nusquam

110 1457 221 1492 habet
251 1458 409 1497 domum,
436 1458 588 1502 perinde
614 1462 669 1493 est
694 1462 734 1493 ut
758 1461 923 1493 mortuus
949 1458 1163 1502 insepultus,
1189 1462 1252 1492 aut
1277 1459 1335 1491 cui
1364 1468 1437 1491 non
1463 1461 1519 1491 est
1545 1457 1664 1502 sepul-

107 1504 270 1540 chrum“.
323 1504 440 1548 Quam
465 1505 570 1539 triste
596 1517 640 1539 ex
665 1509 828 1540 veterum
855 1506 1026 1549 opinione
1052 1505 1162 1539 fuerit
1187 1517 1261 1539 non
1287 1505 1433 1549 sepeliri
1458 1508 1584 1538 notum
1610 1508 1665 1539 est

108 1551 154 1587 cf.
187 1550 270 1587 Sen.
307 1563 362 1596 ep.
396 1551 501 1587 XIV.
535 1554 558 1587 4
591 1553 669 1597 (92)
702 1555 758 1588 35.
794 1553 839 1587 (10
871 1558 987 1596 tranq.
1022 1553 1128 1586 anim.
1165 1552 1271 1587 XIV.
1307 1555 1338 1587 3.
1375 1552 1459 1587 Sen.
1490 1551 1663 1595 Excerpt.

109 1598 279 1633 Controv.
307 1598 419 1633 VIII.
454 1600 487 1634 4.
521 1600 576 1635 ed.
603 1599 685 1644 Bip.
721 1612 754 1644 p.
782 1600 861 1635 468.
888 1599 1001 1643 Verg.
1036 1599 1129 1634 Aen.
1155 1599 1207 1634 II.
1236 1600 1314 1635 646.
1341 1599 1472 1633 Exsilii
1497 1610 1584 1633 vero
1610 1599 1664 1632 in-

107 1646 383 1680 commoditates
416 1650 452 1680 et
478 1647 643 1681 miserias
670 1658 794 1681 omnes
819 1651 861 1680 ut
886 1646 1030 1681 Stoicus
1055 1646 1251 1692 profligare
1277 1650 1429 1680 conatur
1456 1646 1594 1680 Seneca
1619 1646 1665 1680 ab

111 1693 330 1737 imperatore
356 1692 507 1728 Claudio
537 1696 575 1727 in
609 1694 794 1728 Corsicam
827 1694 1010 1738 relegatus
1045 1695 1293 1728 consolatione
1326 1694 1388 1727 illa
1421 1694 1467 1728 ad
1492 1693 1666 1728 Helviam

110 1744 263 1774 matrem
282 1741 425 1784 scripta.
473 1740 527 1776 Cf.
545 1741 792 1776 Pseudo-Seu.
812 1741 856 1775 de
873 1741 1008 1776 remed.
1028 1741 1111 1775 fort.
1139 1740 1250 1775 VIH.
1279 1744 1297 1776 1
1325 1740 1427 1785 (Sen.
1454 1741 1581 1785 fragm.
1609 1740 1664 1774 ed.

106 1786 166 1820 Fr.
186 1787 315 1821 Haasii
333 1788 404 1823 vol.
423 1787 495 1821 III.
515 1800 549 1832 p.
568 1789 664 1825 450).
715 1788 821 1832 Quod
838 1794 960 1822 autem
977 1789 1015 1822 in
1031 1788 1098 1822 PR.
1114 1792 1307 1829 mortua.
1334 1789 1372 1822 in
1389 1787 1418 1822 F
1435 1799 1502 1822 mo
1514 1792 1666 1821 rtuum

107 1834 283 1879 scriptum
308 1834 453 1880 legitur,
481 1835 531 1869 sic
557 1836 813 1880 explicandum
830 1836 984 1875 xidetur,
1011 1839 1052 1869 ut
1076 1839 1263 1870 mortua
1290 1847 1310 1870 a
1335 1835 1482 1870 librario
1508 1835 1666 1869 relatum

107 1882 154 1916 ad
172 1882 359 1923 domum,
377 1893 468 1925 quae
486 1886 634 1927 gentem
653 1882 883 1926 significaret,
903 1887 1133 1917 mortuum
1150 1884 1196 1917 ad
1214 1894 1263 1917 ex
1275 1883 1364 1922 sili.
1385 1883 1482 1926 quod
1499 1894 1580 1917 cum
1598 1893 1665 1926 pro

108 1929 262 1963 exsuli
288 1930 466 1973 scriptum
483 1933 588 1970 esset,
615 1942 689 1964 non
706 1941 773 1974 pro
792 1929 1025 1974 relegatione,
1053 1930 1116 1964 sed
1136 1942 1203 1974 pro
1221 1931 1300 1974 ipso
1318 1931 1482 1975 relegato
1500 1929 1561 1974 (cf.
1580 1929 1665 1964 Tac.

107 1976 204 2011 Hist.
230 1975 261 2011 I.
288 1976 340 2019 2.)
369 1980 558 2021 acceptum
584 1988 661 2011 esse
686 1980 865 2021 putemus.
915 1976 970 2011 De
1005 1978 1183 2012 sententia
1215 1977 1259 2012 cf.
1285 1977 1392 2011 Publ.
1418 1977 1450 2011 E
1477 1978 1521 2011 12
1548 1976 1665 2021 (158).

107 2022 143 2057 V
178 2024 198 2058 7
223 2023 335 2068 (635).
372 2023 456 2058 Sen.
482 2023 609 2068 Epigr.
643 2023 673 2059 I.
710 2025 740 2059 7.
773 2024 795 2059 8
828 2023 892 2068 (ad
927 2023 1126 2069 Corsicam)
1152 2024 1268 2059 Parce
1293 2025 1474 2069 relegatis,
1502 2024 1572 2058 hoc
1600 2028 1664 2065 est,

106 2071 179 2105 iam
204 2081 314 2114 parce
340 2071 511 2114 sepultis:
545 2072 710 2105 vivorum
743 2071 855 2105 cineri
881 2071 928 2104 sit
953 2074 1015 2105 tua
1047 2074 1147 2106 terra
1171 2072 1274 2106 levis.
1324 2071 1428 2106 Ovid.
1455 2071 1564 2106 Trist.
1591 2070 1664 2105 ΠΙ.

109 2118 140 2159 3,
170 2119 224 2152 53.
245 2117 300 2151 54.
328 2129 410 2151 011111
435 2118 593 2162 patriam
618 2118 732 2159 amisi,
761 2122 839 2152 tum
864 2129 922 2151 me
947 2118 1099 2162 periisse
1115 2122 1262 2163 putato:
1292 2122 1326 2153 et
1343 2119 1446 2163 prior
1465 2122 1501 2152 et
1518 2118 1668 2163 gravior

107 2175 206 2199 mors
233 2164 303 2198 fuit
327 2165 392 2198 illa
416 2165 515 2200 mihi.

204 2213 256 2247 10.
286 2210 443 2246 Versum
470 2213 520 2246 sic
544 2212 809 2256 interpretatur
833 2212 1025 2247 Erasmus:
1077 2212 1240 2253 „Nolunt
1281 2213 1349 2248 sibi
1382 2212 1462 2247 fieri
1494 2213 1667 2246 iniuriam

106 2270 174 2293 nec
206 2259 250 2299 11,
286 2259 347 2302 qui
381 2258 519 2293 faciunt
553 2260 669 2295 31113“.
718 2259 800 2293 Nisi
833 2259 927 2294 forte
959 2261 1069 2304 poeta
1101 2260 1170 2294 1100
1205 2260 1278 2294 dici
1308 2260 1441 2301 voluit⁷
1476 2259 1664 2293 hominum

111 2306 241 2340 animis
267 2305 438 2340 maleficii
463 2307 587 2340 odium
614 2307 664 2341 sic
688 2307 839 2340 insitum
865 2318 954 2347 esse,
987 2310 1029 2340 ut
1055 2308 1217 2350 quamvis
1243 2308 1339 2341 male
1364 2307 1510 2347 faciant,
1542 2310 1665 2341 tamen

107 2353 290 2387 maleficia
315 2353 554 2387 detestentur.
604 2353 704 2387 Illud
730 2366 766 2388 111
778 2354 852 2388 310
870 2365 952 2388 011111
968 2354 1069 2388 velut
1085 2355 1304 2389 vocabulum
1320 2355 1472 2389 minoris
1489 2354 1666 2388 momenti

107 2400 365 2440 intercidisset,
393 2400 514 2435 varias
540 2401 625 2435 inde
652 2402 851 2445 scripturas
878 2404 976 2435 ortas
1003 2412 1079 2435 esse
1098 2402 1320 2436 credendum
1346 2405 1411 2437 est.
1461 2401 1517 2435 De
1542 2401 1665 2435 verbis

108 2447 152 2483 cf.
186 2446 269 2481 Sen.
304 2446 477 2481 Controv.
511 2447 540 2481 I.
579 2450 607 2483 1.
629 2457 677 2492 p.
706 2449 759 2483 74.
793 2448 848 2482 ed.
874 2447 956 2492 Bip.
991 2449 1134 2482 etiamsi
1164 2453 1205 2483 tu
1230 2461 1304 2483 non
1333 2449 1443 2483 odisti
1477 2459 1569 2488 eum,
1605 2448 1665 2491 qui

108 2494 198 2528 mihi
223 2494 311 2528 fecit
335 2494 524 2528 iniuriam:
564 2506 631 2540 ego
658 2496 718 2529 odi
745 2506 836 2536 eum,
873 2495 934 2538 qui
959 2495 1045 2530 fecit
1069 2496 1156 2538 tibi3
1191 2496 1236 2530 de
1262 2496 1441 2531 sententia
1466 2495 1510 2530 cf.
1539 2494 1664 2539 Quint.

109 2540 182 2576 ΙΠ.
216 2541 248 2582 8,
283 2541 339 2576 44.
372 2553 438 2575 nec
472 2542 568 2576 enim
601 2546 657 2577 est
689 2543 878 2586 quisquam
911 2545 987 2576 tam
1020 2543 1148 2584 malus,
1182 2546 1223 2577 ut
1255 2543 1371 2578 malus
1404 2543 1521 2576 videri
1548 2542 1664 2577 malit.

110 2587 171 2622 Sic
189 2587 348 2622 Catilina.
372 2589 470 2632 apud
488 2588 703 2623 Sallustium
729 2589 900 2632 loquitur,
927 2592 967 2623 ut
983 2601 1062 2624 rem
1081 2591 1397 2624 sceleratissimam
1421 2601 1495 2624 non
1512 2589 1663 2629 malitia,

110 2635 173 2669 sed
197 2635 448 2678 indignatione
472 2636 640 2670 videatur
666 2636 808 2671 audere.
859 2635 943 2670 Sen.
971 2637 1015 2671 de
1041 2640 1155 2671 const.
1176 2649 1250 2681 sap.
1269 2637 1359 2671 VII.
1388 2638 1419 2672 2.
1446 2637 1533 2671 111311
1560 2635 1663 2681 [11011]

109 2685 185 2715 tam
209 2682 314 2717 bonis
339 2683 544 2726 perniciosi,
572 2695 681 2727 quam
705 2684 802 2718 inter
829 2694 875 2717 se.
904 2683 949 2717 de
974 2683 1016 2719 ir.
1042 2683 1094 2719 H.
1124 2685 1179 2725 26,
1208 2685 1238 2720 7.
1266 2687 1302 2718 et
1326 2684 1515 2718 mendacia
1540 2693 1663 2727 perse-

113 2729 234 2772 quitur
258 2730 336 2773 ipse
361 2731 536 2773 periurus.
572 2731 616 2765 de
649 2730 768 2765 benef.
794 2729 868 2765 ΙΠ.
896 2731 926 2771 1,
955 2731 985 2771 1,
1020 2731 1102 2765 ideo
1129 2732 1174 2766 de
1206 2732 1358 2777 ingratis
1384 2732 1495 2765 etiam
1526 2729 1665 2774 ingrati

1382 2790 1446 2824 10*
