<?xml version="1.0" encoding="UTF-8"?>
<!DOCTYPE html PUBLIC "-//W3C//DTD XHTML 1.0 Transitional//EN"
    "http://www.w3.org/TR/xhtml1/DTD/xhtml1-transitional.dtd">
<html xmlns="http://www.w3.org/1999/xhtml" xml:lang="en" lang="en">
 <head>
  <title>
</title>
<meta http-equiv="Content-Type" content="text/html;charset=utf-8" />
  <meta name='ocr-system' content='tesseract 3.04.00' />
  <meta name='ocr-capabilities' content='ocr_page ocr_carea ocr_par ocr_line ocrx_word'/>
</head>
<body>
  <div class='ocr_page' id='page_1' title='image "./sententiae1880publuoft_0180.png"; bbox 0 0 1967 3090; ppageno 0'>
   <div class='ocr_carea' id='block_1_1' title="bbox 871 98 1193 141">
    <p class='ocr_par' dir='ltr' id='par_1_1' title="bbox 871 98 1193 141">
     <span class='ocr_line' id='line_1_1' title="bbox 871 98 1193 141; baseline 0.003 -1"><span class='ocrx_word' id='word_1_1' title='bbox 871 98 1193 141; x_wconf 74' lang='lat'>—176—</span> 
     </span>
    </p>
   </div>
   <div class='ocr_carea' id='block_1_2' title="bbox 243 212 1843 2758">
    <p class='ocr_par' dir='ltr' id='par_1_2' title="bbox 252 212 1814 340">
     <span class='ocr_line' id='line_1_2' title="bbox 252 212 1814 257; baseline 0.002 -10"><span class='ocrx_word' id='word_1_2' title='bbox 252 216 308 247; x_wconf 86' lang='lat' dir='ltr'><strong>est</strong></span> <span class='ocrx_word' id='word_1_3' title='bbox 333 212 512 248; x_wconf 81' lang='lat' dir='ltr'><strong>inimicus.</strong></span> <span class='ocrx_word' id='word_1_4' title='bbox 555 212 616 246; x_wconf 87' lang='lat' dir='ltr'><strong>Ab</strong></span> <span class='ocrx_word' id='word_1_5' title='bbox 635 212 704 246; x_wconf 89' lang='grc'><strong>1100</strong></span> <span class='ocrx_word' id='word_1_6' title='bbox 722 212 837 257; x_wconf 82' lang='lat' dir='ltr'><strong>igitur</strong></span> <span class='ocrx_word' id='word_1_7' title='bbox 862 213 927 247; x_wconf 89' lang='lat' dir='ltr'><strong>diu</strong></span> <span class='ocrx_word' id='word_1_8' title='bbox 952 213 1154 248; x_wconf 87' lang='lat' dir='ltr'><strong>cavendum</strong></span> <span class='ocrx_word' id='word_1_9' title='bbox 1182 216 1246 253; x_wconf 87' lang='lat' dir='ltr'><strong>est,</strong></span> <span class='ocrx_word' id='word_1_10' title='bbox 1274 213 1347 247; x_wconf 89' lang='lat' dir='ltr'><strong>imo</strong></span> <span class='ocrx_word' id='word_1_11' title='bbox 1371 217 1530 257; x_wconf 84' lang='lat' dir='ltr'><strong>semper“</strong></span> <span class='ocrx_word' id='word_1_12' title='bbox 1554 213 1739 250; x_wconf 87' lang='lat' dir='ltr'><strong>Erasmus.</strong></span> <span class='ocrx_word' id='word_1_13' title='bbox 1758 213 1814 250; x_wconf 83' lang='lat' dir='ltr'><strong>Cf.</strong></span> 
     </span>
     <span class='ocr_line' id='line_1_3' title="bbox 253 258 1812 305; baseline 0.001 -11"><span class='ocrx_word' id='word_1_14' title='bbox 253 259 337 294; x_wconf 74' lang='lat' dir='ltr'><strong>Son.</strong></span> <span class='ocrx_word' id='word_1_15' title='bbox 364 260 408 293; x_wconf 88' lang='lat' dir='ltr'><strong>de</strong></span> <span class='ocrx_word' id='word_1_16' title='bbox 436 260 478 294; x_wconf 88' lang='lat' dir='ltr'><strong>ir.</strong></span> <span class='ocrx_word' id='word_1_17' title='bbox 505 258 557 293; x_wconf 82' lang='lat' dir='ltr'><strong>II.</strong></span> <span class='ocrx_word' id='word_1_18' title='bbox 586 262 640 295; x_wconf 69' lang='lat'><strong>36.</strong></span> <span class='ocrx_word' id='word_1_19' title='bbox 670 261 706 294; x_wconf 77' lang='lat'><strong>5:</strong></span> <span class='ocrx_word' id='word_1_20' title='bbox 742 259 988 294; x_wconf 75' lang='lat' dir='ltr'><strong>Amicissimis</strong></span> <span class='ocrx_word' id='word_1_21' title='bbox 1021 261 1144 294; x_wconf 89' lang='lat' dir='ltr'><strong>hostes</strong></span> <span class='ocrx_word' id='word_1_22' title='bbox 1179 261 1261 304; x_wconf 75' lang='lat' dir='ltr'><strong>(int.</strong></span> <span class='ocrx_word' id='word_1_23' title='bbox 1288 261 1470 305; x_wconf 80' lang='lat' dir='ltr'><strong>iracundi)</strong></span> <span class='ocrx_word' id='word_1_24' title='bbox 1496 261 1776 305; x_wconf 87' lang='lat' dir='ltr'><strong>vitandi&#39;qu</strong></span> <span class='ocrx_word' id='word_1_25' title='bbox 1793 273 1812 296; x_wconf 86' lang='lat' dir='ltr'><strong>e</strong></span> 
     </span>
     <span class='ocr_line' id='line_1_4' title="bbox 253 318 458 340; baseline -0.005 0"><span class='ocrx_word' id='word_1_26' title='bbox 253 318 458 340; x_wconf 83' lang='lat' dir='ltr'><strong>earissmns.</strong></span> 
     </span>
    </p>

    <p class='ocr_par' dir='ltr' id='par_1_3' title="bbox 249 353 1843 908">
     <span class='ocr_line' id='line_1_5' title="bbox 347 353 1813 400; baseline 0.001 -12"><span class='ocrx_word' id='word_1_27' title='bbox 347 354 402 388; x_wconf 73' lang='lat'><strong>21.</strong></span> <span class='ocrx_word' id='word_1_28' title='bbox 433 353 581 396; x_wconf 86' lang='lat' dir='ltr'><strong>„Alium</strong></span> <span class='ocrx_word' id='word_1_29' title='bbox 608 364 752 387; x_wconf 89' lang='lat' dir='ltr'><strong>versum</strong></span> <span class='ocrx_word' id='word_1_30' title='bbox 780 354 909 388; x_wconf 88' lang='lat' dir='ltr'><strong>similis</strong></span> <span class='ocrx_word' id='word_1_31' title='bbox 937 355 1138 389; x_wconf 86' lang='lat' dir='ltr'><strong>sententiae</strong></span> <span class='ocrx_word' id='word_1_32' title='bbox 1166 365 1209 388; x_wconf 90' lang='lat' dir='ltr'><strong>ex</strong></span> <span class='ocrx_word' id='word_1_33' title='bbox 1235 353 1406 398; x_wconf 75' lang='lat' dir='ltr'><strong>Fulgent.</strong></span> <span class='ocrx_word' id='word_1_34' title='bbox 1433 354 1546 398; x_wconf 84' lang='lat' dir='ltr'><strong>myth.</strong></span> <span class='ocrx_word' id='word_1_35' title='bbox 1574 354 1604 390; x_wconf 87' lang='lat' dir='ltr'><strong>I.</strong></span> <span class='ocrx_word' id='word_1_36' title='bbox 1628 356 1654 389; x_wconf 88' lang='lat'><strong>1.</strong></span> <span class='ocrx_word' id='word_1_37' title='bbox 1674 356 1813 400; x_wconf 87' lang='lat' dir='ltr'><strong>recepit</strong></span> 
     </span>
     <span class='ocr_line' id='line_1_6' title="bbox 253 401 1811 446; baseline 0.001 -12"><span class='ocrx_word' id='word_1_38' title='bbox 253 401 432 434; x_wconf 76' lang='lat' dir='ltr'>Gruterus</span> <span class='ocrx_word' id='word_1_39' title='bbox 451 413 483 434; x_wconf 84' lang='lat' dir='ltr'><strong>v.</strong></span> <span class='ocrx_word' id='word_1_40' title='bbox 513 401 598 435; x_wconf 70' lang='lat'>397:</span> <span class='ocrx_word' id='word_1_41' title='bbox 626 401 810 435; x_wconf 87' lang='lat' dir='ltr'><strong>medicina</strong></span> <span class='ocrx_word' id='word_1_42' title='bbox 836 401 912 436; x_wconf 86' lang='lat' dir='ltr'><strong>sola</strong></span> <span class='ocrx_word' id='word_1_43' title='bbox 929 402 1158 435; x_wconf 82' lang='lat' dir='ltr'><strong>miseriarum</strong></span> <span class='ocrx_word' id='word_1_44' title='bbox 1178 401 1324 435; x_wconf 86' lang='lat' dir='ltr'><strong>oblivio.</strong></span> <span class='ocrx_word' id='word_1_45' title='bbox 1353 401 1406 435; x_wconf 88' lang='lat' dir='ltr'><strong>Cf.</strong></span> <span class='ocrx_word' id='word_1_46' title='bbox 1433 401 1575 436; x_wconf 86' lang='lat' dir='ltr'><strong>Fabric.</strong></span> <span class='ocrx_word' id='word_1_47' title='bbox 1604 413 1661 446; x_wconf 90' lang='lat' dir='ltr'><strong>ap.</strong></span> <span class='ocrx_word' id='word_1_48' title='bbox 1680 402 1811 436; x_wconf 89' lang='lat' dir='ltr'><strong>Krem-</strong></span> 
     </span>
     <span class='ocr_line' id='line_1_7' title="bbox 254 447 1843 493; baseline 0.001 -12"><span class='ocrx_word' id='word_1_49' title='bbox 254 448 337 482; x_wconf 90' lang='lat' dir='ltr'><strong>sier.</strong></span> <span class='ocrx_word' id='word_1_50' title='bbox 365 459 400 491; x_wconf 86' lang='lat' dir='ltr'><strong>p.</strong></span> <span class='ocrx_word' id='word_1_51' title='bbox 429 448 484 482; x_wconf 69' lang='lat'><strong>59.</strong></span> <span class='ocrx_word' id='word_1_52' title='bbox 512 459 545 482; x_wconf 82' lang='lat' dir='ltr'><strong>v,</strong></span> <span class='ocrx_word' id='word_1_53' title='bbox 574 448 660 482; x_wconf 73' lang='lat'><strong>630:</strong></span> <span class='ocrx_word' id='word_1_54' title='bbox 689 447 843 492; x_wconf 79' lang='lat' dir='ltr'>Semper</span> <span class='ocrx_word' id='word_1_55' title='bbox 868 449 1069 482; x_wconf 85' lang='lat' dir='ltr'><strong>remedium</strong></span> <span class='ocrx_word' id='word_1_56' title='bbox 1096 448 1233 481; x_wconf 86' lang='lat' dir='ltr'><strong>oblivio</strong></span> <span class='ocrx_word' id='word_1_57' title='bbox 1260 448 1398 483; x_wconf 88' lang='lat' dir='ltr'><strong>doloris</strong></span> <span class='ocrx_word' id='word_1_58' title='bbox 1427 452 1500 489; x_wconf 88' lang='lat' dir='ltr'><strong>est;</strong></span> <span class='ocrx_word' id='word_1_59' title='bbox 1529 449 1575 482; x_wconf 90' lang='lat' dir='ltr'><strong>ad</strong></span> <span class='ocrx_word' id='word_1_60' title='bbox 1601 460 1708 493; x_wconf 87' lang='lat' dir='ltr'><strong>quem</strong></span> <span class='ocrx_word' id='word_1_61' title='bbox 1732 460 1812 483; x_wconf 84' lang='lat' dir='ltr'><strong>ver·</strong></span> <span class='ocrx_word' id='word_1_62' title='bbox 1833 447 1843 456; x_wconf 79' lang='grc'><em>”</em></span> 
     </span>
     <span class='ocr_line' id='line_1_8' title="bbox 251 494 1810 540; baseline 0.001 -11"><span class='ocrx_word' id='word_1_63' title='bbox 251 507 330 529; x_wconf 86' lang='grc'><strong>311111</strong></span> <span class='ocrx_word' id='word_1_64' title='bbox 357 495 527 530; x_wconf 85' lang='lat' dir='ltr'><strong>adnotat:</strong></span> <span class='ocrx_word' id='word_1_65' title='bbox 570 494 635 537; x_wconf 91' lang='lat' dir='ltr'><strong>„In</strong></span> <span class='ocrx_word' id='word_1_66' title='bbox 661 494 805 529; x_wconf 86' lang='lat' dir='ltr'><strong>Evodio</strong></span> <span class='ocrx_word' id='word_1_67' title='bbox 840 495 1032 530; x_wconf 88' lang='lat' dir='ltr'><strong>Ticinense</strong></span> <span class='ocrx_word' id='word_1_68' title='bbox 1066 495 1150 539; x_wconf 70' lang='lat' dir='ltr'><strong>legi.</strong></span> <span class='ocrx_word' id='word_1_69' title='bbox 1210 495 1280 539; x_wconf 74' lang='lat' dir='ltr'><strong>Qui</strong></span> <span class='ocrx_word' id='word_1_70' title='bbox 1315 495 1483 529; x_wconf 89' lang='lat' dir='ltr'><strong>oblivisci</strong></span> <span class='ocrx_word' id='word_1_71' title='bbox 1515 496 1653 531; x_wconf 90' lang='lat' dir='ltr'><strong>doloris</strong></span> <span class='ocrx_word' id='word_1_72' title='bbox 1679 498 1810 540; x_wconf 85' lang='lat' dir='ltr'><strong>potest,</strong></span> 
     </span>
     <span class='ocr_line' id='line_1_9' title="bbox 251 542 1814 587; baseline 0.002 -12"><span class='ocrx_word' id='word_1_73' title='bbox 251 542 370 576; x_wconf 88' lang='lat' dir='ltr'><strong>dolori</strong></span> <span class='ocrx_word' id='word_1_74' title='bbox 409 542 626 576; x_wconf 81' lang='lat' dir='ltr'><strong>medicinam</strong></span> <span class='ocrx_word' id='word_1_75' title='bbox 659 542 831 577; x_wconf 75' lang='lat' dir='ltr'><strong>invenit.“</strong></span> <span class='ocrx_word' id='word_1_76' title='bbox 873 542 967 577; x_wconf 83' lang='lat' dir='ltr'><strong>Vide</strong></span> <span class='ocrx_word' id='word_1_77' title='bbox 998 542 1134 586; x_wconf 83' lang='lat' dir='ltr'>Meyer.</span> <span class='ocrx_word' id='word_1_78' title='bbox 1167 554 1202 587; x_wconf 90' lang='lat' dir='ltr'><strong>p.</strong></span> <span class='ocrx_word' id='word_1_79' title='bbox 1238 543 1293 583; x_wconf 74' lang='lat'><strong>38,</strong></span> <span class='ocrx_word' id='word_1_80' title='bbox 1329 543 1386 577; x_wconf 74' lang='lat'><strong>40.</strong></span> <span class='ocrx_word' id='word_1_81' title='bbox 1429 543 1699 578; x_wconf 85' lang='lat' dir='ltr'><strong>Remedium</strong></span> <span class='ocrx_word' id='word_1_82' title='bbox 1733 555 1814 578; x_wconf 85' lang='lat' dir='ltr'><strong>esse</strong></span> 
     </span>
     <span class='ocr_line' id='line_1_10' title="bbox 250 589 1810 634; baseline 0.002 -12"><span class='ocrx_word' id='word_1_83' title='bbox 250 589 572 630; x_wconf 76' lang='lat' dir='ltr'><strong>medicamentum,</strong></span> <span class='ocrx_word' id='word_1_84' title='bbox 609 600 679 633; x_wconf 90' lang='lat' dir='ltr'><strong>quo</strong></span> <span class='ocrx_word' id='word_1_85' title='bbox 705 589 870 624; x_wconf 87' lang='lat' dir='ltr'><strong>adhibito</strong></span> <span class='ocrx_word' id='word_1_86' title='bbox 896 590 1033 624; x_wconf 85' lang='lat' dir='ltr'><strong>malum</strong></span> <span class='ocrx_word' id='word_1_87' title='bbox 1058 589 1220 629; x_wconf 87' lang='lat' dir='ltr'><strong>tollatur,</strong></span> <span class='ocrx_word' id='word_1_88' title='bbox 1249 593 1352 634; x_wconf 90' lang='lat' dir='ltr'><strong>patet</strong></span> <span class='ocrx_word' id='word_1_89' title='bbox 1378 602 1422 625; x_wconf 87' lang='lat' dir='ltr'><strong>ex</strong></span> <span class='ocrx_word' id='word_1_90' title='bbox 1448 590 1529 626; x_wconf 89' lang='lat' dir='ltr'><strong>Ter.</strong></span> <span class='ocrx_word' id='word_1_91' title='bbox 1556 590 1650 625; x_wconf 87' lang='lat' dir='ltr'><strong>Eun.</strong></span> <span class='ocrx_word' id='word_1_92' title='bbox 1676 590 1751 626; x_wconf 84' lang='grc' dir='ltr'><strong>ΙΙΙ.</strong></span> <span class='ocrx_word' id='word_1_93' title='bbox 1779 592 1810 632; x_wconf 88' lang='grc'><strong>1,</strong></span> 
     </span>
     <span class='ocr_line' id='line_1_11' title="bbox 250 635 1831 679; baseline 0.001 -9"><span class='ocrx_word' id='word_1_94' title='bbox 250 637 304 671; x_wconf 72' lang='lat'><strong>49.</strong></span> <span class='ocrx_word' id='word_1_95' title='bbox 346 635 481 671; x_wconf 87' lang='lat' dir='ltr'><strong>Heaut.</strong></span> <span class='ocrx_word' id='word_1_96' title='bbox 520 636 594 672; x_wconf 92' lang='lat' dir='ltr'><strong>III.</strong></span> <span class='ocrx_word' id='word_1_97' title='bbox 627 638 659 678; x_wconf 79' lang='lat'><strong>2,</strong></span> <span class='ocrx_word' id='word_1_98' title='bbox 695 637 750 672; x_wconf 70' lang='lat'><strong>28.</strong></span> <span class='ocrx_word' id='word_1_99' title='bbox 785 636 857 673; x_wconf 91' lang='lat' dir='ltr'><strong>Ad.</strong></span> <span class='ocrx_word' id='word_1_100' title='bbox 885 636 958 671; x_wconf 88' lang='lat' dir='ltr'><strong>III.</strong></span> <span class='ocrx_word' id='word_1_101' title='bbox 1001 639 1025 677; x_wconf 86' lang='lat' dir='ltr'><strong>l,</strong></span> <span class='ocrx_word' id='word_1_102' title='bbox 1053 637 1084 672; x_wconf 83' lang='lat'><strong>7.</strong></span> <span class='ocrx_word' id='word_1_103' title='bbox 1120 635 1269 672; x_wconf 85' lang='lat' dir='ltr'><strong>Phorm.</strong></span> <span class='ocrx_word' id='word_1_104' title='bbox 1305 637 1333 671; x_wconf 93' lang='grc' dir='ltr'><strong>Ι.</strong></span> <span class='ocrx_word' id='word_1_105' title='bbox 1361 638 1392 679; x_wconf 70' lang='grc'>4,</span> <span class='ocrx_word' id='word_1_106' title='bbox 1422 638 1454 673; x_wconf 86' lang='grc'><strong>7.</strong></span> <span class='ocrx_word' id='word_1_107' title='bbox 1489 637 1536 673; x_wconf 92' lang='lat' dir='ltr'><strong>V.</strong></span> <span class='ocrx_word' id='word_1_108' title='bbox 1562 637 1594 678; x_wconf 73' lang='lat'><strong>4,</strong></span> <span class='ocrx_word' id='word_1_109' title='bbox 1623 638 1656 672; x_wconf 82' lang='lat'><strong>5.</strong></span> <span class='ocrx_word' id='word_1_110' title='bbox 1694 636 1831 672; x_wconf 84' lang='lat' dir='ltr'><strong>Recte·</strong></span> 
     </span>
     <span class='ocr_line' id='line_1_12' title="bbox 249 683 1814 729; baseline 0.001 -11"><span class='ocrx_word' id='word_1_111' title='bbox 249 683 444 718; x_wconf 86' lang='lat' dir='ltr'><strong>Erasmus:</strong></span> <span class='ocrx_word' id='word_1_112' title='bbox 478 683 670 726; x_wconf 79' lang='lat' dir='ltr'><strong>„Vindicta</strong></span> <span class='ocrx_word' id='word_1_113' title='bbox 694 696 767 718; x_wconf 92' lang='lat' dir='ltr'><strong>non</strong></span> <span class='ocrx_word' id='word_1_114' title='bbox 792 684 958 718; x_wconf 90' lang='lat' dir='ltr'><strong>medetur</strong></span> <span class='ocrx_word' id='word_1_115' title='bbox 983 684 1126 718; x_wconf 90' lang='lat' dir='ltr'><strong>iniuriis</strong></span> <span class='ocrx_word' id='word_1_116' title='bbox 1152 684 1218 718; x_wconf 89' lang='lat' dir='ltr'><strong>tibi</strong></span> <span class='ocrx_word' id='word_1_117' title='bbox 1246 684 1364 726; x_wconf 87' lang='lat' dir='ltr'><strong>factis,</strong></span> <span class='ocrx_word' id='word_1_118' title='bbox 1394 685 1457 719; x_wconf 89' lang='lat' dir='ltr'><strong>sed</strong></span> <span class='ocrx_word' id='word_1_119' title='bbox 1483 684 1619 719; x_wconf 90' lang='lat' dir='ltr'><strong>oblivio</strong></span> <span class='ocrx_word' id='word_1_120' title='bbox 1646 685 1814 729; x_wconf 86' lang='lat' dir='ltr'><strong>optime.“</strong></span> 
     </span>
     <span class='ocr_line' id='line_1_13' title="bbox 251 730 1810 775; baseline 0.002 -10"><span class='ocrx_word' id='word_1_121' title='bbox 251 731 303 765; x_wconf 84' lang='lat' dir='ltr'><strong>Cf.</strong></span> <span class='ocrx_word' id='word_1_122' title='bbox 333 730 407 766; x_wconf 90' lang='lat' dir='ltr'><strong>Cic.</strong></span> <span class='ocrx_word' id='word_1_123' title='bbox 434 742 501 775; x_wconf 89' lang='lat' dir='ltr'><strong>pro</strong></span> <span class='ocrx_word' id='word_1_124' title='bbox 520 730 644 775; x_wconf 84' lang='lat' dir='ltr'><strong>Ligar.</strong></span> <span class='ocrx_word' id='word_1_125' title='bbox 673 732 727 772; x_wconf 78' lang='lat'><strong>12,</strong></span> <span class='ocrx_word' id='word_1_126' title='bbox 745 732 799 766; x_wconf 71' lang='lat'><strong>34.</strong></span> <span class='ocrx_word' id='word_1_127' title='bbox 819 732 881 775; x_wconf 92' lang='lat' dir='ltr'><strong>qui</strong></span> <span class='ocrx_word' id='word_1_128' title='bbox 899 731 1067 766; x_wconf 87' lang='lat' dir='ltr'><strong>oblivisci</strong></span> <span class='ocrx_word' id='word_1_129' title='bbox 1085 731 1177 765; x_wconf 85' lang='lat' dir='ltr'><strong>nihil</strong></span> <span class='ocrx_word' id='word_1_130' title='bbox 1192 731 1297 773; x_wconf 89' lang='lat' dir='ltr'><strong>soles,</strong></span> <span class='ocrx_word' id='word_1_131' title='bbox 1324 732 1395 766; x_wconf 87' lang='lat' dir='ltr'><strong>nisi</strong></span> <span class='ocrx_word' id='word_1_132' title='bbox 1413 732 1565 766; x_wconf 88' lang='lat' dir='ltr'><strong>iniurias</strong></span> <span class='ocrx_word' id='word_1_133' title='bbox 1583 731 1666 768; x_wconf 86' lang='lat' dir='ltr'><strong>coll.</strong></span> <span class='ocrx_word' id='word_1_134' title='bbox 1685 731 1810 775; x_wconf 74' lang='lat' dir='ltr'><strong>Quint.</strong></span> 
     </span>
     <span class='ocr_line' id='line_1_14' title="bbox 249 777 1812 823; baseline 0.001 -11"><span class='ocrx_word' id='word_1_135' title='bbox 249 777 318 812; x_wconf 92' lang='lat' dir='ltr'><strong>VI.</strong></span> <span class='ocrx_word' id='word_1_136' title='bbox 346 778 376 818; x_wconf 91' lang='lat'><strong>3,</strong></span> <span class='ocrx_word' id='word_1_137' title='bbox 408 779 484 813; x_wconf 68' lang='lat'><strong>108.</strong></span> <span class='ocrx_word' id='word_1_138' title='bbox 512 777 595 814; x_wconf 89' lang='lat' dir='ltr'><strong>Sen.</strong></span> <span class='ocrx_word' id='word_1_139' title='bbox 623 778 668 812; x_wconf 92' lang='lat' dir='ltr'><strong>de</strong></span> <span class='ocrx_word' id='word_1_140' title='bbox 693 779 734 812; x_wconf 90' lang='lat' dir='ltr'><strong>ir.</strong></span> <span class='ocrx_word' id='word_1_141' title='bbox 762 778 814 813; x_wconf 89' lang='lat' dir='ltr'><strong>II.</strong></span> <span class='ocrx_word' id='word_1_142' title='bbox 842 779 897 820; x_wconf 68' lang='lat'><strong>3⁴2,</strong></span> <span class='ocrx_word' id='word_1_143' title='bbox 925 780 956 814; x_wconf 89' lang='lat'><strong>3.</strong></span> <span class='ocrx_word' id='word_1_144' title='bbox 983 779 1107 823; x_wconf 84' lang='lat' dir='ltr'><strong>magni</strong></span> <span class='ocrx_word' id='word_1_145' title='bbox 1134 778 1245 812; x_wconf 89' lang='lat' dir='ltr'><strong>animi</strong></span> <span class='ocrx_word' id='word_1_146' title='bbox 1272 782 1328 813; x_wconf 89' lang='lat' dir='ltr'><strong>est</strong></span> <span class='ocrx_word' id='word_1_147' title='bbox 1352 780 1504 814; x_wconf 87' lang='lat' dir='ltr'><strong>iniurias</strong></span> <span class='ocrx_word' id='word_1_148' title='bbox 1523 779 1710 823; x_wconf 83' lang='lat' dir='ltr'><strong>despicere</strong></span> <span class='ocrx_word' id='word_1_149' title='bbox 1728 779 1812 814; x_wconf 84' lang='lat' dir='ltr'><strong>coll.</strong></span> 
     </span>
     <span class='ocr_line' id='line_1_15' title="bbox 251 824 1811 870; baseline 0.001 -12"><span class='ocrx_word' id='word_1_150' title='bbox 251 825 296 858; x_wconf 90' lang='lat' dir='ltr'><strong>de</strong></span> <span class='ocrx_word' id='word_1_151' title='bbox 323 825 427 861; x_wconf 89' lang='lat' dir='ltr'><strong>clem.</strong></span> <span class='ocrx_word' id='word_1_152' title='bbox 462 824 492 860; x_wconf 90' lang='grc' dir='ltr'><strong>Ι.</strong></span> <span class='ocrx_word' id='word_1_153' title='bbox 521 826 551 867; x_wconf 79' lang='lat'><strong>5,</strong></span> <span class='ocrx_word' id='word_1_154' title='bbox 588 826 619 860; x_wconf 73' lang='grc' dir='ltr'><strong>ξ).</strong></span> <span class='ocrx_word' id='word_1_155' title='bbox 659 824 759 861; x_wconf 89' lang='lat' dir='ltr'><strong>Sent.</strong></span> <span class='ocrx_word' id='word_1_156' title='bbox 787 825 879 860; x_wconf 85' lang='lat' dir='ltr'><strong>falso</strong></span> <span class='ocrx_word' id='word_1_157' title='bbox 914 826 1010 860; x_wconf 90' lang='lat' dir='ltr'><strong>inter</strong></span> <span class='ocrx_word' id='word_1_158' title='bbox 1035 825 1140 861; x_wconf 89' lang='lat' dir='ltr'><strong>Publ.</strong></span> <span class='ocrx_word' id='word_1_159' title='bbox 1168 829 1303 870; x_wconf 88' lang='lat' dir='ltr'><strong>recept.</strong></span> <span class='ocrx_word' id='word_1_160' title='bbox 1334 827 1410 863; x_wconf 77' lang='lat'><strong>175.</strong></span> <span class='ocrx_word' id='word_1_161' title='bbox 1439 826 1523 862; x_wconf 90' lang='lat' dir='ltr'><strong>Sen.</strong></span> <span class='ocrx_word' id='word_1_162' title='bbox 1551 827 1597 861; x_wconf 90' lang='lat' dir='ltr'><strong>ad</strong></span> <span class='ocrx_word' id='word_1_163' title='bbox 1623 825 1738 862; x_wconf 81' lang='lat' dir='ltr'><strong>Maro.</strong></span> <span class='ocrx_word' id='word_1_164' title='bbox 1765 826 1811 860; x_wconf 90' lang='lat' dir='ltr'><strong>de</strong></span> 
     </span>
     <span class='ocr_line' id='line_1_16' title="bbox 250 871 586 908; baseline 0.006 -2"><span class='ocrx_word' id='word_1_165' title='bbox 250 873 386 906; x_wconf 78' lang='lat' dir='ltr'><strong>consol.</strong></span> <span class='ocrx_word' id='word_1_166' title='bbox 414 871 527 908; x_wconf 88' lang='lat' dir='ltr'><strong>VIII.</strong></span> <span class='ocrx_word' id='word_1_167' title='bbox 558 874 586 908; x_wconf 89' lang='lat'><strong>1.</strong></span> 
     </span>
    </p>

    <p class='ocr_par' dir='ltr' id='par_1_4' title="bbox 247 919 1811 1049">
     <span class='ocr_line' id='line_1_17' title="bbox 344 919 1811 961; baseline 0 -7"><span class='ocrx_word' id='word_1_168' title='bbox 344 920 399 954; x_wconf 69' lang='lat'><strong>22.</strong></span> <span class='ocrx_word' id='word_1_169' title='bbox 429 919 672 961; x_wconf 86' lang='lat' dir='ltr'><strong>„Trochaicus</strong></span> <span class='ocrx_word' id='word_1_170' title='bbox 704 923 769 955; x_wconf 88' lang='lat' dir='ltr'><strong>est.</strong></span> <span class='ocrx_word' id='word_1_171' title='bbox 796 920 1052 954; x_wconf 78' lang='lat' dir='ltr'><strong>Fortissimum</strong></span> <span class='ocrx_word' id='word_1_172' title='bbox 1085 923 1141 954; x_wconf 90' lang='lat' dir='ltr'><strong>est</strong></span> <span class='ocrx_word' id='word_1_173' title='bbox 1172 921 1265 954; x_wconf 90' lang='lat' dir='ltr'><strong>iram</strong></span> <span class='ocrx_word' id='word_1_174' title='bbox 1299 932 1401 954; x_wconf 87' lang='lat' dir='ltr'><strong>suam</strong></span> <span class='ocrx_word' id='word_1_175' title='bbox 1432 921 1587 961; x_wconf 90' lang='lat' dir='ltr'><strong>vincere,</strong></span> <span class='ocrx_word' id='word_1_176' title='bbox 1621 920 1690 955; x_wconf 89' lang='lat' dir='ltr'><strong>hoc</strong></span> <span class='ocrx_word' id='word_1_177' title='bbox 1723 921 1811 955; x_wconf 91' lang='lat' dir='ltr'><strong>Ale-</strong></span> 
     </span>
     <span class='ocr_line' id='line_1_18' title="bbox 247 967 1811 1012; baseline 0.001 -12"><span class='ocrx_word' id='word_1_178' title='bbox 247 967 387 1000; x_wconf 84' lang='lat' dir='ltr'><strong>xander</strong></span> <span class='ocrx_word' id='word_1_179' title='bbox 413 967 476 1000; x_wconf 92' lang='lat' dir='ltr'><strong>ille</strong></span> <span class='ocrx_word' id='word_1_180' title='bbox 502 978 656 1011; x_wconf 85' lang='lat' dir='ltr'><strong>magnus</strong></span> <span class='ocrx_word' id='word_1_181' title='bbox 683 967 781 1001; x_wconf 88' lang='lat' dir='ltr'><strong>orbis</strong></span> <span class='ocrx_word' id='word_1_182' title='bbox 809 967 969 1002; x_wconf 89' lang='lat' dir='ltr'><strong>domitor</strong></span> <span class='ocrx_word' id='word_1_183' title='bbox 995 968 1229 1012; x_wconf 56' lang='grc' dir='ltr'><strong>11011110111113ιι</strong></span> <span class='ocrx_word' id='word_1_184' title='bbox 1265 967 1450 1003; x_wconf 87' lang='lat' dir='ltr'><strong>Erasmus.</strong></span> <span class='ocrx_word' id='word_1_185' title='bbox 1481 967 1534 1003; x_wconf 84' lang='lat' dir='ltr'><strong>Cf.</strong></span> <span class='ocrx_word' id='word_1_186' title='bbox 1560 967 1811 1002; x_wconf 83' lang='lat' dir='ltr'><strong>Pseudo-Seu.</strong></span> 
     </span>
     <span class='ocr_line' id='line_1_19' title="bbox 249 1014 492 1049; baseline 0.004 -1"><span class='ocrx_word' id='word_1_187' title='bbox 249 1014 293 1048; x_wconf 89' lang='lat' dir='ltr'><strong>de</strong></span> <span class='ocrx_word' id='word_1_188' title='bbox 319 1025 409 1047; x_wconf 84' lang='lat' dir='ltr'><strong>mor.</strong></span> <span class='ocrx_word' id='word_1_189' title='bbox 436 1014 492 1049; x_wconf 77' lang='lat'><strong>81.</strong></span> 
     </span>
    </p>

    <p class='ocr_par' dir='ltr' id='par_1_5' title="bbox 243 1060 1811 2758">
     <span class='ocr_line' id='line_1_20' title="bbox 342 1060 1808 1106; baseline 0.001 -12"><span class='ocrx_word' id='word_1_190' title='bbox 342 1062 396 1095; x_wconf 71' lang='lat'><strong>23.</strong></span> <span class='ocrx_word' id='word_1_191' title='bbox 424 1060 542 1095; x_wconf 82' lang='lat' dir='ltr'><strong>Recte</strong></span> <span class='ocrx_word' id='word_1_192' title='bbox 577 1061 723 1104; x_wconf 89' lang='lat' dir='ltr'><strong>quidem</strong></span> <span class='ocrx_word' id='word_1_193' title='bbox 760 1061 960 1096; x_wconf 83' lang='lat' dir='ltr'><strong>Salmasius</strong></span> <span class='ocrx_word' id='word_1_194' title='bbox 995 1062 1172 1096; x_wconf 89' lang='lat' dir='ltr'><strong>librorum</strong></span> <span class='ocrx_word' id='word_1_195' title='bbox 1208 1062 1427 1106; x_wconf 81' lang='lat' dir='ltr'><strong>scripturam</strong></span> <span class='ocrx_word' id='word_1_196' title='bbox 1466 1062 1639 1096; x_wconf 89' lang='lat' dir='ltr'><strong>iactum</strong></span> <span class='ocrx_word' id='word_1_197' title='bbox 1676 1064 1808 1103; x_wconf 91' lang='lat' dir='ltr'><strong>tuetur,</strong></span> 
     </span>
     <span class='ocr_line' id='line_1_21' title="bbox 248 1108 1811 1153; baseline 0 -11"><span class='ocrx_word' id='word_1_198' title='bbox 248 1108 313 1142; x_wconf 91' lang='lat' dir='ltr'><strong>sed</strong></span> <span class='ocrx_word' id='word_1_199' title='bbox 347 1119 392 1141; x_wconf 92' lang='lat' dir='ltr'><strong>ne</strong></span> <span class='ocrx_word' id='word_1_200' title='bbox 419 1108 471 1142; x_wconf 82' lang='lat' dir='ltr'><strong>ita</strong></span> <span class='ocrx_word' id='word_1_201' title='bbox 497 1108 644 1151; x_wconf 86' lang='lat' dir='ltr'><strong>quidem</strong></span> <span class='ocrx_word' id='word_1_202' title='bbox 670 1120 795 1142; x_wconf 87' lang='lat' dir='ltr'><strong>versus</strong></span> <span class='ocrx_word' id='word_1_203' title='bbox 831 1110 1011 1143; x_wconf 83' lang='lat' dir='ltr'><strong>sententia</strong></span> <span class='ocrx_word' id='word_1_204' title='bbox 1036 1113 1148 1153; x_wconf 88' lang='lat' dir='ltr'><strong>patet.</strong></span> <span class='ocrx_word' id='word_1_205' title='bbox 1199 1109 1472 1150; x_wconf 71' lang='lat' dir='ltr'><strong>Praetermitto,</strong></span> <span class='ocrx_word' id='word_1_206' title='bbox 1509 1109 1605 1152; x_wconf 85' lang='lat' dir='ltr'><strong>quod</strong></span> <span class='ocrx_word' id='word_1_207' title='bbox 1627 1109 1811 1143; x_wconf 82' lang='lat' dir='ltr'><strong>Gruterus</strong></span> 
     </span>
     <span class='ocr_line' id='line_1_22' title="bbox 248 1155 1808 1200; baseline 0.001 -12"><span class='ocrx_word' id='word_1_208' title='bbox 248 1156 424 1189; x_wconf 87' lang='lat' dir='ltr'><strong>factum</strong></span> <span class='ocrx_word' id='word_1_209' title='bbox 450 1155 596 1189; x_wconf 88' lang='lat' dir='ltr'><strong>Pithoei</strong></span> <span class='ocrx_word' id='word_1_210' title='bbox 629 1156 883 1190; x_wconf 83' lang='lat' dir='ltr'><strong>emendatione</strong></span> <span class='ocrx_word' id='word_1_211' title='bbox 917 1160 1066 1200; x_wconf 86' lang='lat' dir='ltr'><strong>recepta</strong></span> <span class='ocrx_word' id='word_1_212' title='bbox 1100 1168 1244 1191; x_wconf 86' lang='lat' dir='ltr'><strong>omnem</strong></span> <span class='ocrx_word' id='word_1_213' title='bbox 1270 1167 1439 1190; x_wconf 89' lang='lat' dir='ltr'><strong>versuum</strong></span> <span class='ocrx_word' id='word_1_214' title='bbox 1470 1156 1636 1191; x_wconf 88' lang='lat' dir='ltr'><strong>ordinem</strong></span> <span class='ocrx_word' id='word_1_215' title='bbox 1664 1159 1808 1200; x_wconf 88' lang='lat' dir='ltr'><strong>pertur-</strong></span> 
     </span>
     <span class='ocr_line' id='line_1_23' title="bbox 247 1203 1807 1248; baseline 0.001 -12"><span class='ocrx_word' id='word_1_216' title='bbox 247 1203 357 1243; x_wconf 85' lang='lat' dir='ltr'><strong>bavit,</strong></span> <span class='ocrx_word' id='word_1_217' title='bbox 386 1203 520 1246; x_wconf 87' lang='lat' dir='ltr'><strong>quippe</strong></span> <span class='ocrx_word' id='word_1_218' title='bbox 554 1203 615 1246; x_wconf 86' lang='lat' dir='ltr'><strong>qui</strong></span> <span class='ocrx_word' id='word_1_219' title='bbox 641 1214 787 1236; x_wconf 88' lang='lat' dir='ltr'><strong>versum</strong></span> <span class='ocrx_word' id='word_1_220' title='bbox 813 1215 834 1237; x_wconf 89' lang='lat' dir='ltr'><strong>a</strong></span> <span class='ocrx_word' id='word_1_221' title='bbox 859 1204 985 1237; x_wconf 87' lang='lat' dir='ltr'><strong>littera</strong></span> <span class='ocrx_word' id='word_1_222' title='bbox 1011 1203 1030 1237; x_wconf 89' lang='lat' dir='ltr'><strong>I</strong></span> <span class='ocrx_word' id='word_1_223' title='bbox 1056 1204 1219 1248; x_wconf 82' lang='lat' dir='ltr'><strong>incipere</strong></span> <span class='ocrx_word' id='word_1_224' title='bbox 1244 1204 1378 1239; x_wconf 88' lang='lat' dir='ltr'><strong>iubeat.</strong></span> <span class='ocrx_word' id='word_1_225' title='bbox 1429 1203 1554 1246; x_wconf 85' lang='lat' dir='ltr'><strong>Neque</strong></span> <span class='ocrx_word' id='word_1_226' title='bbox 1587 1204 1619 1238; x_wconf 91' lang='lat' dir='ltr'><strong>ei</strong></span> <span class='ocrx_word' id='word_1_227' title='bbox 1645 1204 1807 1247; x_wconf 89' lang='lat' dir='ltr'><strong>prodest,</strong></span> 
     </span>
     <span class='ocr_line' id='line_1_24' title="bbox 249 1249 1811 1294; baseline 0.001 -11"><span class='ocrx_word' id='word_1_228' title='bbox 249 1250 347 1294; x_wconf 90' lang='lat' dir='ltr'><strong>quod</strong></span> <span class='ocrx_word' id='word_1_229' title='bbox 373 1249 468 1284; x_wconf 88' lang='lat' dir='ltr'><strong>Plin.</strong></span> <span class='ocrx_word' id='word_1_230' title='bbox 496 1261 551 1294; x_wconf 88' lang='lat' dir='ltr'><strong>ep.</strong></span> <span class='ocrx_word' id='word_1_231' title='bbox 578 1249 645 1283; x_wconf 89' lang='lat' dir='ltr'><strong>IV.</strong></span> <span class='ocrx_word' id='word_1_232' title='bbox 674 1250 705 1285; x_wconf 82' lang='lat'><strong>9.</strong></span> <span class='ocrx_word' id='word_1_233' title='bbox 733 1261 816 1283; x_wconf 87' lang='lat' dir='ltr'><strong>cum</strong></span> <span class='ocrx_word' id='word_1_234' title='bbox 841 1250 930 1284; x_wconf 90' lang='lat' dir='ltr'><strong>haec</strong></span> <span class='ocrx_word' id='word_1_235' title='bbox 949 1251 1057 1285; x_wconf 83' lang='lat' dir='ltr'><strong>dicit:</strong></span> <span class='ocrx_word' id='word_1_236' title='bbox 1085 1254 1276 1294; x_wconf 88' lang='lat' dir='ltr'><strong>praeterea</strong></span> <span class='ocrx_word' id='word_1_237' title='bbox 1301 1262 1378 1284; x_wconf 88' lang='lat' dir='ltr'><strong>rem</strong></span> <span class='ocrx_word' id='word_1_238' title='bbox 1403 1250 1636 1284; x_wconf 85' lang='lat' dir='ltr'><strong>manifestam</strong></span> <span class='ocrx_word' id='word_1_239' title='bbox 1659 1250 1811 1284; x_wconf 87' lang='lat' dir='ltr'><strong>infitiari</strong></span> 
     </span>
     <span class='ocr_line' id='line_1_25' title="bbox 247 1297 1809 1341; baseline 0.001 -11"><span class='ocrx_word' id='word_1_240' title='bbox 247 1297 416 1341; x_wconf 82' lang='lat' dir='ltr'><strong>augentis</strong></span> <span class='ocrx_word' id='word_1_241' title='bbox 444 1300 522 1331; x_wconf 87' lang='lat' dir='ltr'><strong>erat</strong></span> <span class='ocrx_word' id='word_1_242' title='bbox 549 1297 696 1337; x_wconf 78' lang='lat' dir='ltr'><strong>crimen,</strong></span> <span class='ocrx_word' id='word_1_243' title='bbox 724 1309 798 1330; x_wconf 88' lang='lat' dir='ltr'><strong>non</strong></span> <span class='ocrx_word' id='word_1_244' title='bbox 823 1298 1009 1338; x_wconf 81' lang='lat' dir='ltr'><strong>diluentis,</strong></span> <span class='ocrx_word' id='word_1_245' title='bbox 1044 1301 1176 1332; x_wconf 87' lang='lat' dir='ltr'><strong>testem</strong></span> <span class='ocrx_word' id='word_1_246' title='bbox 1210 1300 1247 1332; x_wconf 90' lang='lat' dir='ltr'><strong>et</strong></span> <span class='ocrx_word' id='word_1_247' title='bbox 1281 1298 1358 1331; x_wconf 87' lang='lat' dir='ltr'><strong>fere</strong></span> <span class='ocrx_word' id='word_1_248' title='bbox 1385 1301 1571 1331; x_wconf 83' lang='lat' dir='ltr'><strong>auctorem</strong></span> <span class='ocrx_word' id='word_1_249' title='bbox 1604 1297 1702 1331; x_wconf 89' lang='lat' dir='ltr'><strong>illius</strong></span> <span class='ocrx_word' id='word_1_250' title='bbox 1729 1308 1809 1331; x_wconf 86' lang='lat' dir='ltr'><strong>sen-</strong></span> 
     </span>
     <span class='ocr_line' id='line_1_26' title="bbox 246 1344 1811 1386; baseline 0 -8"><span class='ocrx_word' id='word_1_251' title='bbox 246 1344 384 1378; x_wconf 89' lang='lat' dir='ltr'><strong>tentiae</strong></span> <span class='ocrx_word' id='word_1_252' title='bbox 411 1355 494 1377; x_wconf 89' lang='lat' dir='ltr'><strong>suae</strong></span> <span class='ocrx_word' id='word_1_253' title='bbox 521 1344 663 1379; x_wconf 86' lang='lat' dir='ltr'><strong>attulit:</strong></span> <span class='ocrx_word' id='word_1_254' title='bbox 691 1344 792 1378; x_wconf 87' lang='lat' dir='ltr'><strong>aliud</strong></span> <span class='ocrx_word' id='word_1_255' title='bbox 818 1345 915 1379; x_wconf 89' lang='lat' dir='ltr'><strong>enim</strong></span> <span class='ocrx_word' id='word_1_256' title='bbox 941 1348 996 1378; x_wconf 86' lang='lat' dir='ltr'><strong>est</strong></span> <span class='ocrx_word' id='word_1_257' title='bbox 1021 1345 1158 1379; x_wconf 86' lang='lat' dir='ltr'><strong>crimen</strong></span> <span class='ocrx_word' id='word_1_258' title='bbox 1175 1349 1307 1385; x_wconf 89' lang='lat' dir='ltr'><strong>tacere,</strong></span> <span class='ocrx_word' id='word_1_259' title='bbox 1337 1344 1437 1378; x_wconf 88' lang='lat' dir='ltr'><strong>aliud</strong></span> <span class='ocrx_word' id='word_1_260' title='bbox 1461 1344 1620 1386; x_wconf 89' lang='lat' dir='ltr'><strong>infitiari,</strong></span> <span class='ocrx_word' id='word_1_261' title='bbox 1648 1345 1811 1379; x_wconf 86' lang='lat' dir='ltr'><strong>criminis</strong></span> 
     </span>
     <span class='ocr_line' id='line_1_27' title="bbox 247 1391 1808 1437; baseline 0.001 -13"><span class='ocrx_word' id='word_1_262' title='bbox 247 1395 368 1425; x_wconf 87' lang='lat' dir='ltr'><strong>autem</strong></span> <span class='ocrx_word' id='word_1_263' title='bbox 376 1392 481 1425; x_wconf 87' lang='lat' dir='ltr'><strong>taciti</strong></span> <span class='ocrx_word' id='word_1_264' title='bbox 491 1403 557 1425; x_wconf 90' lang='grc'><strong>1100</strong></span> <span class='ocrx_word' id='word_1_265' title='bbox 572 1395 836 1426; x_wconf 87' lang='lat' dir='ltr'><strong>accusatornec</strong></span> <span class='ocrx_word' id='word_1_266' title='bbox 850 1392 961 1426; x_wconf 84' lang='lat' dir='ltr'><strong>index</strong></span> <span class='ocrx_word' id='word_1_267' title='bbox 970 1395 1034 1426; x_wconf 85' lang='lat' dir='ltr'><strong>est.</strong></span> <span class='ocrx_word' id='word_1_268' title='bbox 1052 1392 1106 1427; x_wconf 77' lang='lat' dir='ltr'><strong>Cf.</strong></span> <span class='ocrx_word' id='word_1_269' title='bbox 1119 1391 1446 1437; x_wconf 64' lang='lat' dir='ltr'><strong>Pu1)l.Q41(&#39;541).</strong></span> <span class='ocrx_word' id='word_1_270' title='bbox 1466 1391 1690 1436; x_wconf 72' lang='lat' dir='ltr'><strong>Quaeramus</strong></span> <span class='ocrx_word' id='word_1_271' title='bbox 1701 1404 1808 1433; x_wconf 89' lang='lat' dir='ltr'><strong>nunc,</strong></span> 
     </span>
     <span class='ocr_line' id='line_1_28' title="bbox 247 1439 1808 1482; baseline 0.001 -11"><span class='ocrx_word' id='word_1_272' title='bbox 247 1450 339 1482; x_wconf 88' lang='lat' dir='ltr'><strong>quae</strong></span> <span class='ocrx_word' id='word_1_273' title='bbox 378 1439 561 1472; x_wconf 87' lang='lat' dir='ltr'><strong>sententia</strong></span> <span class='ocrx_word' id='word_1_274' title='bbox 592 1439 640 1472; x_wconf 89' lang='lat' dir='ltr'><strong>sit</strong></span> <span class='ocrx_word' id='word_1_275' title='bbox 674 1439 749 1472; x_wconf 88' lang='lat' dir='ltr'><strong>eius</strong></span> <span class='ocrx_word' id='word_1_276' title='bbox 776 1450 911 1480; x_wconf 88' lang='lat' dir='ltr'><strong>versus,</strong></span> <span class='ocrx_word' id='word_1_277' title='bbox 951 1440 1010 1482; x_wconf 89' lang='lat' dir='ltr'><strong>qui</strong></span> <span class='ocrx_word' id='word_1_278' title='bbox 1045 1440 1256 1473; x_wconf 85' lang='lat' dir='ltr'><strong>melioribus</strong></span> <span class='ocrx_word' id='word_1_279' title='bbox 1289 1439 1391 1473; x_wconf 90' lang='lat' dir='ltr'><strong>libris</strong></span> <span class='ocrx_word' id='word_1_280' title='bbox 1425 1439 1580 1473; x_wconf 88' lang='lat' dir='ltr'><strong>traditus</strong></span> <span class='ocrx_word' id='word_1_281' title='bbox 1618 1442 1674 1473; x_wconf 90' lang='lat' dir='ltr'><strong>est</strong></span> <span class='ocrx_word' id='word_1_282' title='bbox 1699 1442 1808 1482; x_wconf 88' lang='lat' dir='ltr'><strong>atque</strong></span> 
     </span>
     <span class='ocr_line' id='line_1_29' title="bbox 248 1485 1808 1530; baseline 0 -10"><span class='ocrx_word' id='word_1_283' title='bbox 248 1485 418 1520; x_wconf 85' lang='lat' dir='ltr'><strong>Salmasii</strong></span> <span class='ocrx_word' id='word_1_284' title='bbox 444 1485 650 1519; x_wconf 85' lang='lat' dir='ltr'><strong>eruditione</strong></span> <span class='ocrx_word' id='word_1_285' title='bbox 677 1486 858 1520; x_wconf 86' lang='lat' dir='ltr'><strong>defensus.</strong></span> <span class='ocrx_word' id='word_1_286' title='bbox 897 1485 969 1529; x_wconf 71' lang='lat' dir='ltr'><strong>Qui</strong></span> <span class='ocrx_word' id='word_1_287' title='bbox 986 1498 1131 1520; x_wconf 90' lang='lat' dir='ltr'><strong>versum</strong></span> <span class='ocrx_word' id='word_1_288' title='bbox 1150 1488 1203 1520; x_wconf 86' lang='lat' dir='ltr'><strong>ita</strong></span> <span class='ocrx_word' id='word_1_289' title='bbox 1221 1487 1398 1530; x_wconf 87' lang='lat' dir='ltr'><strong>scriptum</strong></span> <span class='ocrx_word' id='word_1_290' title='bbox 1424 1486 1662 1530; x_wconf 86' lang='lat' dir='ltr'><strong>interpretari</strong></span> <span class='ocrx_word' id='word_1_291' title='bbox 1688 1487 1808 1521; x_wconf 89' lang='lat' dir='ltr'><strong>conati</strong></span> 
     </span>
     <span class='ocr_line' id='line_1_30' title="bbox 247 1532 1807 1578; baseline 0.001 -12"><span class='ocrx_word' id='word_1_292' title='bbox 247 1536 340 1574; x_wconf 89' lang='lat' dir='ltr'><strong>sunt,</strong></span> <span class='ocrx_word' id='word_1_293' title='bbox 366 1532 658 1567; x_wconf 88' lang='lat' dir='ltr'><strong>Panthaleonem</strong></span> <span class='ocrx_word' id='word_1_294' title='bbox 685 1534 799 1567; x_wconf 88' lang='lat' dir='ltr'><strong>secuti</strong></span> <span class='ocrx_word' id='word_1_295' title='bbox 825 1536 910 1567; x_wconf 86' lang='lat' dir='ltr'><strong>sunt</strong></span> <span class='ocrx_word' id='word_1_296' title='bbox 935 1534 986 1568; x_wconf 88' lang='lat' dir='ltr'><strong>sic</strong></span> <span class='ocrx_word' id='word_1_297' title='bbox 1012 1535 1266 1578; x_wconf 84' lang='lat' dir='ltr'><strong>explicantem,</strong></span> <span class='ocrx_word' id='word_1_298' title='bbox 1294 1534 1357 1577; x_wconf 89' lang='lat' dir='ltr'><strong>qui</strong></span> <span class='ocrx_word' id='word_1_299' title='bbox 1382 1536 1534 1578; x_wconf 90' lang='lat' dir='ltr'><strong>peccato</strong></span> <span class='ocrx_word' id='word_1_300' title='bbox 1569 1534 1680 1567; x_wconf 89' lang='lat' dir='ltr'><strong>etiam</strong></span> <span class='ocrx_word' id='word_1_301' title='bbox 1704 1545 1807 1568; x_wconf 89' lang='lat' dir='ltr'><strong>men-</strong></span> 
     </span>
     <span class='ocr_line' id='line_1_31' title="bbox 247 1580 1808 1625; baseline 0 -11"><span class='ocrx_word' id='word_1_302' title='bbox 247 1580 393 1614; x_wconf 84' lang='lat' dir='ltr'><strong>dacium</strong></span> <span class='ocrx_word' id='word_1_303' title='bbox 432 1580 554 1620; x_wconf 71' lang='lat' dir='ltr'><strong>addat-‚</strong></span> <span class='ocrx_word' id='word_1_304' title='bbox 596 1592 678 1614; x_wconf 91' lang='lat' dir='ltr'><strong>eum</strong></span> <span class='ocrx_word' id='word_1_305' title='bbox 715 1580 770 1614; x_wconf 90' lang='lat' dir='ltr'><strong>bis</strong></span> <span class='ocrx_word' id='word_1_306' title='bbox 808 1592 971 1625; x_wconf 86' lang='lat' dir='ltr'><strong>peccare,</strong></span> <span class='ocrx_word' id='word_1_307' title='bbox 1011 1581 1160 1624; x_wconf 88' lang='lat' dir='ltr'><strong>eiusque</strong></span> <span class='ocrx_word' id='word_1_308' title='bbox 1196 1581 1449 1625; x_wconf 80' lang='lat' dir='ltr'><strong>explicationis</strong></span> <span class='ocrx_word' id='word_1_309' title='bbox 1476 1584 1662 1615; x_wconf 86' lang='lat' dir='ltr'><strong>auctorem</strong></span> <span class='ocrx_word' id='word_1_310' title='bbox 1687 1581 1808 1625; x_wconf 88' lang='lat' dir='ltr'><strong>ipsum</strong></span> 
     </span>
     <span class='ocr_line' id='line_1_32' title="bbox 246 1626 1808 1673; baseline 0.001 -12"><span class='ocrx_word' id='word_1_311' title='bbox 246 1626 447 1661; x_wconf 89' lang='lat' dir='ltr'><strong>Publilium</strong></span> <span class='ocrx_word' id='word_1_312' title='bbox 465 1627 752 1671; x_wconf 86' lang='lat' dir='ltr'><strong>appellaverunt,</strong></span> <span class='ocrx_word' id='word_1_313' title='bbox 781 1628 841 1671; x_wconf 89' lang='lat' dir='ltr'><strong>qui</strong></span> <span class='ocrx_word' id='word_1_314' title='bbox 867 1627 907 1662; x_wconf 82' lang='lat' dir='ltr'><strong>M</strong></span> <span class='ocrx_word' id='word_1_315' title='bbox 933 1629 976 1662; x_wconf 77' lang='lat'><strong>23</strong></span> <span class='ocrx_word' id='word_1_316' title='bbox 995 1629 1097 1673; x_wconf 75' lang='lat'><strong>(331)</strong></span> <span class='ocrx_word' id='word_1_317' title='bbox 1123 1629 1361 1663; x_wconf 88' lang='lat' dir='ltr'><strong>maledictum</strong></span> <span class='ocrx_word' id='word_1_318' title='bbox 1386 1628 1662 1671; x_wconf 88' lang='lat' dir='ltr'><strong>interpretando</strong></span> <span class='ocrx_word' id='word_1_319' title='bbox 1689 1628 1808 1662; x_wconf 86' lang='lat' dir='ltr'><strong>acrius</strong></span> 
     </span>
     <span class='ocr_line' id='line_1_33' title="bbox 246 1674 1808 1719; baseline 0.001 -11"><span class='ocrx_word' id='word_1_320' title='bbox 246 1674 326 1708; x_wconf 91' lang='lat' dir='ltr'><strong>fieri</strong></span> <span class='ocrx_word' id='word_1_321' title='bbox 351 1675 515 1710; x_wconf 78' lang='lat' dir='ltr'><strong>dixisset.</strong></span> <span class='ocrx_word' id='word_1_322' title='bbox 566 1674 663 1718; x_wconf 79' lang='lat' dir='ltr'><strong>Quid</strong></span> <span class='ocrx_word' id='word_1_323' title='bbox 697 1675 796 1718; x_wconf 87' lang='lat' dir='ltr'><strong>quod</strong></span> <span class='ocrx_word' id='word_1_324' title='bbox 821 1675 1056 1710; x_wconf 55' lang='lat' dir='ltr'><strong>XVoelfflinus</strong></span> <span class='ocrx_word' id='word_1_325' title='bbox 1091 1676 1188 1709; x_wconf 89' lang='lat' dir='ltr'><strong>hunc</strong></span> <span class='ocrx_word' id='word_1_326' title='bbox 1221 1687 1365 1710; x_wconf 86' lang='lat' dir='ltr'><strong>versum</strong></span> <span class='ocrx_word' id='word_1_327' title='bbox 1399 1687 1443 1710; x_wconf 85' lang='lat' dir='ltr'><strong>ex</strong></span> <span class='ocrx_word' id='word_1_328' title='bbox 1474 1676 1539 1709; x_wconf 91' lang='lat' dir='ltr'><strong>illo</strong></span> <span class='ocrx_word' id='word_1_329' title='bbox 1572 1676 1651 1719; x_wconf 87' lang='lat' dir='ltr'><strong>ipso</strong></span> <span class='ocrx_word' id='word_1_330' title='bbox 1686 1678 1808 1709; x_wconf 88' lang='lat' dir='ltr'><strong>ortum</strong></span> 
     </span>
     <span class='ocr_line' id='line_1_34' title="bbox 248 1722 1807 1767; baseline 0.001 -12"><span class='ocrx_word' id='word_1_331' title='bbox 248 1733 325 1756; x_wconf 89' lang='lat' dir='ltr'><strong>esse</strong></span> <span class='ocrx_word' id='word_1_332' title='bbox 363 1725 399 1756; x_wconf 89' lang='lat' dir='ltr'><strong>et</strong></span> <span class='ocrx_word' id='word_1_333' title='bbox 436 1722 739 1765; x_wconf 84' lang='lat' dir='ltr'><strong>interpolatorem</strong></span> <span class='ocrx_word' id='word_1_334' title='bbox 783 1722 971 1766; x_wconf 85' lang='lat' dir='ltr'><strong>scripsisse</strong></span> <span class='ocrx_word' id='word_1_335' title='bbox 1011 1723 1233 1767; x_wconf 88' lang='lat' dir='ltr'><strong>suspicatur:</strong></span> <span class='ocrx_word' id='word_1_336' title='bbox 1278 1722 1464 1757; x_wconf 87' lang='lat' dir='ltr'><strong>Dictum</strong></span> <span class='ocrx_word' id='word_1_337' title='bbox 1502 1723 1722 1757; x_wconf 87' lang='lat' dir='ltr'><strong>iactando</strong></span> <span class='ocrx_word' id='word_1_338' title='bbox 1748 1723 1807 1756; x_wconf 84' lang='lat' dir='ltr'><strong>vel</strong></span> 
     </span>
     <span class='ocr_line' id='line_1_35' title="bbox 246 1768 1807 1810; baseline 0.001 -8"><span class='ocrx_word' id='word_1_339' title='bbox 246 1769 472 1803; x_wconf 74' lang='lat' dir='ltr'><strong>lactando</strong></span> <span class='ocrx_word' id='word_1_340' title='bbox 500 1769 698 1803; x_wconf 73' lang='lat' dir='ltr'><strong>factum?</strong></span> <span class='ocrx_word' id='word_1_341' title='bbox 725 1790 767 1793; x_wconf 87' lang='lat'>—</span> <span class='ocrx_word' id='word_1_342' title='bbox 798 1768 871 1803; x_wconf 88' lang='lat' dir='ltr'><strong>Sed</strong></span> <span class='ocrx_word' id='word_1_343' title='bbox 898 1769 997 1803; x_wconf 85' lang='lat' dir='ltr'><strong>aliud</strong></span> <span class='ocrx_word' id='word_1_344' title='bbox 1024 1773 1079 1804; x_wconf 87' lang='lat' dir='ltr'><strong>est</strong></span> <span class='ocrx_word' id='word_1_345' title='bbox 1104 1771 1275 1804; x_wconf 88' lang='lat' dir='ltr'><strong>iactum</strong></span> <span class='ocrx_word' id='word_1_346' title='bbox 1302 1770 1474 1804; x_wconf 86' lang='lat' dir='ltr'><strong>crimen</strong></span> <span class='ocrx_word' id='word_1_347' title='bbox 1500 1773 1677 1810; x_wconf 91' lang='lat' dir='ltr'><strong>tacere,</strong></span> <span class='ocrx_word' id='word_1_348' title='bbox 1707 1769 1807 1803; x_wconf 91' lang='lat' dir='ltr'><strong>aliud</strong></span> 
     </span>
     <span class='ocr_line' id='line_1_36' title="bbox 246 1816 1807 1861; baseline -0.001 -10"><span class='ocrx_word' id='word_1_349' title='bbox 246 1816 450 1851; x_wconf 87' lang='lat' dir='ltr'><strong>maledic</strong></span> <span class='ocrx_word' id='word_1_350' title='bbox 466 1818 559 1849; x_wconf 91' lang='lat' dir='ltr'><strong>tum</strong></span> <span class='ocrx_word' id='word_1_351' title='bbox 585 1817 916 1860; x_wconf 88' lang='lat' dir='ltr'><strong>interpretari.</strong></span> <span class='ocrx_word' id='word_1_352' title='bbox 960 1816 1031 1860; x_wconf 73' lang='lat' dir='ltr'><strong>Qui</strong></span> <span class='ocrx_word' id='word_1_353' title='bbox 1048 1817 1285 1851; x_wconf 85' lang='lat' dir='ltr'><strong>maledictum</strong></span> <span class='ocrx_word' id='word_1_354' title='bbox 1302 1817 1577 1861; x_wconf 86' lang='lat' dir='ltr'><strong>interpretatur,</strong></span> <span class='ocrx_word' id='word_1_355' title='bbox 1605 1828 1696 1858; x_wconf 88' lang='lat' dir='ltr'><strong>eum,</strong></span> <span class='ocrx_word' id='word_1_356' title='bbox 1724 1828 1807 1851; x_wconf 92' lang='lat' dir='ltr'><strong>cum</strong></span> 
     </span>
     <span class='ocr_line' id='line_1_37' title="bbox 246 1863 1806 1908; baseline 0 -11"><span class='ocrx_word' id='word_1_357' title='bbox 246 1863 420 1897; x_wconf 86' lang='lat' dir='ltr'><strong>subiectis</strong></span> <span class='ocrx_word' id='word_1_358' title='bbox 447 1864 563 1897; x_wconf 88' lang='lat' dir='ltr'><strong>causis</strong></span> <span class='ocrx_word' id='word_1_359' title='bbox 591 1864 733 1898; x_wconf 90' lang='lat' dir='ltr'><strong>elevare</strong></span> <span class='ocrx_word' id='word_1_360' title='bbox 760 1864 916 1905; x_wconf 78' lang='lat' dir='ltr'><strong>studeat,</strong></span> <span class='ocrx_word' id='word_1_361' title='bbox 943 1864 1129 1898; x_wconf 85' lang='lat' dir='ltr'><strong>illustrare</strong></span> <span class='ocrx_word' id='word_1_362' title='bbox 1154 1865 1276 1908; x_wconf 92' lang='lat' dir='ltr'><strong>potius</strong></span> <span class='ocrx_word' id='word_1_363' title='bbox 1304 1867 1341 1898; x_wconf 90' lang='lat' dir='ltr'><strong>et</strong></span> <span class='ocrx_word' id='word_1_364' title='bbox 1367 1875 1500 1908; x_wconf 82' lang='lat' dir='ltr'><strong>augere</strong></span> <span class='ocrx_word' id='word_1_365' title='bbox 1522 1867 1806 1898; x_wconf 88' lang='lat' dir='ltr'><strong>consentaneum</strong></span> 
     </span>
     <span class='ocr_line' id='line_1_38' title="bbox 247 1911 1803 1955; baseline 0 -11"><span class='ocrx_word' id='word_1_366' title='bbox 247 1914 319 1945; x_wconf 88' lang='lat' dir='ltr'><strong>est:</strong></span> <span class='ocrx_word' id='word_1_367' title='bbox 360 1911 422 1954; x_wconf 87' lang='lat' dir='ltr'><strong>qui</strong></span> <span class='ocrx_word' id='word_1_368' title='bbox 455 1922 542 1944; x_wconf 88' lang='lat' dir='ltr'><strong>vero</strong></span> <span class='ocrx_word' id='word_1_369' title='bbox 576 1911 712 1944; x_wconf 86' lang='lat' dir='ltr'><strong>iactum</strong></span> <span class='ocrx_word' id='word_1_370' title='bbox 746 1911 886 1945; x_wconf 87' lang='lat' dir='ltr'><strong>crimen</strong></span> <span class='ocrx_word' id='word_1_371' title='bbox 919 1911 994 1944; x_wconf 86' lang='lat' dir='ltr'><strong>sive</strong></span> <span class='ocrx_word' id='word_1_372' title='bbox 1027 1923 1153 1945; x_wconf 88' lang='lat' dir='ltr'><strong>verum</strong></span> <span class='ocrx_word' id='word_1_373' title='bbox 1189 1912 1264 1946; x_wconf 90' lang='lat' dir='ltr'><strong>sive</strong></span> <span class='ocrx_word' id='word_1_374' title='bbox 1298 1911 1430 1945; x_wconf 84' lang='lat' dir='ltr'><strong>falsum</strong></span> <span class='ocrx_word' id='word_1_375' title='bbox 1465 1923 1538 1945; x_wconf 92' lang='lat' dir='ltr'><strong>non</strong></span> <span class='ocrx_word' id='word_1_376' title='bbox 1563 1911 1803 1955; x_wconf 87' lang='lat' dir='ltr'><strong>persequitur,</strong></span> 
     </span>
     <span class='ocr_line' id='line_1_39' title="bbox 246 1958 1803 1999; baseline 0.001 -7"><span class='ocrx_word' id='word_1_377' title='bbox 246 1959 310 1992; x_wconf 91' lang='lat' dir='ltr'><strong>sed</strong></span> <span class='ocrx_word' id='word_1_378' title='bbox 336 1961 444 1999; x_wconf 87' lang='lat' dir='ltr'><strong>tacet,</strong></span> <span class='ocrx_word' id='word_1_379' title='bbox 480 1958 542 1992; x_wconf 88' lang='lat' dir='ltr'><strong>ille</strong></span> <span class='ocrx_word' id='word_1_380' title='bbox 575 1961 718 1991; x_wconf 88' lang='lat' dir='ltr'><strong>tantum</strong></span> <span class='ocrx_word' id='word_1_381' title='bbox 753 1958 856 1992; x_wconf 88' lang='lat' dir='ltr'><strong>abest</strong></span> <span class='ocrx_word' id='word_1_382' title='bbox 890 1961 929 1992; x_wconf 93' lang='lat' dir='ltr'><strong>ut</strong></span> <span class='ocrx_word' id='word_1_383' title='bbox 954 1959 1109 1993; x_wconf 89' lang='lat' dir='ltr'><strong>tacendo</strong></span> <span class='ocrx_word' id='word_1_384' title='bbox 1144 1959 1285 1993; x_wconf 89' lang='lat' dir='ltr'><strong>crimen</strong></span> <span class='ocrx_word' id='word_1_385' title='bbox 1312 1959 1429 1993; x_wconf 89' lang='lat' dir='ltr'><strong>acrius</strong></span> <span class='ocrx_word' id='word_1_386' title='bbox 1455 1958 1578 1999; x_wconf 87' lang='lat' dir='ltr'><strong>faciat,</strong></span> <span class='ocrx_word' id='word_1_387' title='bbox 1606 1962 1647 1992; x_wconf 92' lang='lat' dir='ltr'><strong>ut</strong></span> <span class='ocrx_word' id='word_1_388' title='bbox 1673 1959 1803 1999; x_wconf 89' lang='lat' dir='ltr'><strong>celare,</strong></span> 
     </span>
     <span class='ocr_line' id='line_1_40' title="bbox 245 2004 1806 2050; baseline 0 -11"><span class='ocrx_word' id='word_1_389' title='bbox 245 2006 498 2049; x_wconf 87' lang='lat' dir='ltr'><strong>comprimere,</strong></span> <span class='ocrx_word' id='word_1_390' title='bbox 536 2008 739 2039; x_wconf 88' lang='lat' dir='ltr'><strong>retractare</strong></span> <span class='ocrx_word' id='word_1_391' title='bbox 772 2005 951 2041; x_wconf 87' lang='lat' dir='ltr'><strong>videatur.</strong></span> <span class='ocrx_word' id='word_1_392' title='bbox 1003 2004 1158 2050; x_wconf 74' lang='lat' dir='ltr'><strong>Quoquo</strong></span> <span class='ocrx_word' id='word_1_393' title='bbox 1192 2006 1357 2047; x_wconf 88' lang='lat' dir='ltr'><strong>verteris,</strong></span> <span class='ocrx_word' id='word_1_394' title='bbox 1396 2006 1490 2039; x_wconf 89' lang='lat' dir='ltr'><strong>illud</strong></span> <span class='ocrx_word' id='word_1_395' title='bbox 1524 2006 1643 2040; x_wconf 90' lang='lat' dir='ltr'><strong>elucet</strong></span> <span class='ocrx_word' id='word_1_396' title='bbox 1680 2017 1806 2040; x_wconf 87' lang='lat' dir='ltr'><strong>sanam</strong></span> 
     </span>
     <span class='ocr_line' id='line_1_41' title="bbox 246 2052 1805 2092; baseline 0 -6"><span class='ocrx_word' id='word_1_397' title='bbox 246 2053 463 2086; x_wconf 88' lang='lat' dir='ltr'><strong>sententiam</strong></span> <span class='ocrx_word' id='word_1_398' title='bbox 498 2064 570 2086; x_wconf 91' lang='lat' dir='ltr'><strong>non</strong></span> <span class='ocrx_word' id='word_1_399' title='bbox 597 2052 684 2092; x_wconf 87' lang='lat' dir='ltr'><strong>fore,</strong></span> <span class='ocrx_word' id='word_1_400' title='bbox 720 2053 790 2086; x_wconf 89' lang='lat' dir='ltr'><strong>nisi</strong></span> <span class='ocrx_word' id='word_1_401' title='bbox 816 2053 953 2086; x_wconf 89' lang='lat' dir='ltr'><strong>iactum</strong></span> <span class='ocrx_word' id='word_1_402' title='bbox 980 2054 1117 2087; x_wconf 88' lang='lat' dir='ltr'><strong>crimen</strong></span> <span class='ocrx_word' id='word_1_403' title='bbox 1151 2053 1196 2087; x_wconf 91' lang='lat' dir='ltr'><strong>in</strong></span> <span class='ocrx_word' id='word_1_404' title='bbox 1221 2057 1266 2087; x_wconf 90' lang='lat' dir='ltr'><strong>te</strong></span> <span class='ocrx_word' id='word_1_405' title='bbox 1292 2053 1530 2088; x_wconf 84' lang='lat' dir='ltr'><strong>intellexeris.</strong></span> <span class='ocrx_word' id='word_1_406' title='bbox 1580 2052 1677 2087; x_wconf 87' lang='lat' dir='ltr'><strong>Nam</strong></span> <span class='ocrx_word' id='word_1_407' title='bbox 1703 2052 1732 2086; x_wconf 90' lang='lat' dir='ltr'><strong>si</strong></span> <span class='ocrx_word' id='word_1_408' title='bbox 1758 2053 1805 2087; x_wconf 89' lang='lat' dir='ltr'><strong>ad</strong></span> 
     </span>
     <span class='ocr_line' id='line_1_42' title="bbox 245 2100 1804 2144; baseline 0 -11"><span class='ocrx_word' id='word_1_409' title='bbox 245 2100 337 2134; x_wconf 92' lang='lat' dir='ltr'><strong>illud</strong></span> <span class='ocrx_word' id='word_1_410' title='bbox 364 2100 511 2140; x_wconf 86' lang='lat' dir='ltr'><strong>crimen,</strong></span> <span class='ocrx_word' id='word_1_411' title='bbox 539 2100 635 2142; x_wconf 86' lang='lat' dir='ltr'><strong>quod</strong></span> <span class='ocrx_word' id='word_1_412' title='bbox 662 2100 699 2132; x_wconf 91' lang='lat' dir='ltr'><strong>in</strong></span> <span class='ocrx_word' id='word_1_413' title='bbox 724 2102 762 2133; x_wconf 91' lang='lat' dir='ltr'><strong>te</strong></span> <span class='ocrx_word' id='word_1_414' title='bbox 788 2100 923 2134; x_wconf 88' lang='lat' dir='ltr'><strong>iactum</strong></span> <span class='ocrx_word' id='word_1_415' title='bbox 950 2103 1015 2141; x_wconf 88' lang='lat' dir='ltr'><strong>est,</strong></span> <span class='ocrx_word' id='word_1_416' title='bbox 1043 2101 1212 2142; x_wconf 79' lang='lat' dir='ltr'><strong>tacueris,</strong></span> <span class='ocrx_word' id='word_1_417' title='bbox 1238 2100 1392 2134; x_wconf 86' lang='lat' dir='ltr'><strong>tacendo</strong></span> <span class='ocrx_word' id='word_1_418' title='bbox 1418 2101 1497 2144; x_wconf 89' lang='lat' dir='ltr'><strong>ipse</strong></span> <span class='ocrx_word' id='word_1_419' title='bbox 1524 2101 1660 2134; x_wconf 85' lang='lat' dir='ltr'><strong>crimen</strong></span> <span class='ocrx_word' id='word_1_420' title='bbox 1686 2100 1804 2133; x_wconf 87' lang='lat' dir='ltr'><strong>acrius</strong></span> 
     </span>
     <span class='ocr_line' id='line_1_43' title="bbox 245 2146 1805 2193; baseline 0 -13"><span class='ocrx_word' id='word_1_421' title='bbox 245 2146 392 2188; x_wconf 87' lang='lat' dir='ltr'><strong>efficies,</strong></span> <span class='ocrx_word' id='word_1_422' title='bbox 420 2147 606 2187; x_wconf 85' lang='grc' dir='ltr'><strong>00110οᾶ03,</strong></span> <span class='ocrx_word' id='word_1_423' title='bbox 643 2146 886 2182; x_wconf 81' lang='lat' dir='ltr'><strong>confiteberis,</strong></span> <span class='ocrx_word' id='word_1_424' title='bbox 937 2147 1096 2181; x_wconf 89' lang='lat' dir='ltr'><strong>Necesse</strong></span> <span class='ocrx_word' id='word_1_425' title='bbox 1126 2148 1242 2193; x_wconf 87' lang='lat' dir='ltr'><strong>igitur</strong></span> <span class='ocrx_word' id='word_1_426' title='bbox 1275 2152 1330 2182; x_wconf 76' lang='lat' dir='ltr'><strong>est</strong></span> <span class='ocrx_word' id='word_1_427' title='bbox 1364 2148 1409 2181; x_wconf 89' lang='lat' dir='ltr'><strong>in</strong></span> <span class='ocrx_word' id='word_1_428' title='bbox 1435 2152 1482 2181; x_wconf 91' lang='lat' dir='ltr'><strong>te</strong></span> <span class='ocrx_word' id='word_1_429' title='bbox 1508 2148 1605 2181; x_wconf 88' lang='lat' dir='ltr'><strong>inter</strong></span> <span class='ocrx_word' id='word_1_430' title='bbox 1629 2147 1805 2181; x_wconf 87' lang='lat' dir='ltr'><strong>iactum</strong></span> 
     </span>
     <span class='ocr_line' id='line_1_44' title="bbox 245 2193 1804 2237; baseline 0 -9"><span class='ocrx_word' id='word_1_431' title='bbox 245 2197 282 2228; x_wconf 89' lang='lat' dir='ltr'><strong>et</strong></span> <span class='ocrx_word' id='word_1_432' title='bbox 316 2195 514 2228; x_wconf 89' lang='lat' dir='ltr'><strong>tacendo</strong></span> <span class='ocrx_word' id='word_1_433' title='bbox 553 2195 746 2229; x_wconf 89' lang='lat' dir='ltr'><strong>inseratur.</strong></span> <span class='ocrx_word' id='word_1_434' title='bbox 810 2193 918 2237; x_wconf 75' lang='lat' dir='ltr'><strong>Quod</strong></span> <span class='ocrx_word' id='word_1_435' title='bbox 950 2195 979 2227; x_wconf 86' lang='lat' dir='ltr'><strong>si</strong></span> <span class='ocrx_word' id='word_1_436' title='bbox 1013 2195 1153 2236; x_wconf 79' lang='lat' dir='ltr'><strong>feceris,</strong></span> <span class='ocrx_word' id='word_1_437' title='bbox 1187 2206 1333 2229; x_wconf 89' lang='lat' dir='ltr'><strong>versum</strong></span> <span class='ocrx_word' id='word_1_438' title='bbox 1366 2195 1439 2228; x_wconf 87' lang='lat' dir='ltr'><strong>iam</strong></span> <span class='ocrx_word' id='word_1_439' title='bbox 1474 2206 1519 2228; x_wconf 89' lang='lat' dir='ltr'><strong>ex</strong></span> <span class='ocrx_word' id='word_1_440' title='bbox 1551 2194 1691 2228; x_wconf 88' lang='lat' dir='ltr'><strong>senario</strong></span> <span class='ocrx_word' id='word_1_441' title='bbox 1725 2193 1804 2228; x_wconf 86' lang='lat' dir='ltr'><strong>fieri</strong></span> 
     </span>
     <span class='ocr_line' id='line_1_45' title="bbox 245 2241 1804 2286; baseline -0.001 -11"><span class='ocrx_word' id='word_1_442' title='bbox 245 2241 463 2285; x_wconf 86' lang='lat' dir='ltr'><strong>quadratum</strong></span> <span class='ocrx_word' id='word_1_443' title='bbox 498 2252 646 2275; x_wconf 89' lang='lat' dir='ltr'><strong>necesse</strong></span> <span class='ocrx_word' id='word_1_444' title='bbox 685 2244 759 2276; x_wconf 83' lang='lat' dir='ltr'><strong>est:</strong></span> <span class='ocrx_word' id='word_1_445' title='bbox 799 2242 837 2275; x_wconf 88' lang='lat' dir='ltr'><strong>id</strong></span> <span class='ocrx_word' id='word_1_446' title='bbox 871 2241 969 2285; x_wconf 86' lang='lat' dir='ltr'><strong>quod</strong></span> <span class='ocrx_word' id='word_1_447' title='bbox 1003 2241 1083 2275; x_wconf 89' lang='lat' dir='ltr'><strong>fieri</strong></span> <span class='ocrx_word' id='word_1_448' title='bbox 1119 2253 1225 2286; x_wconf 89' lang='lat' dir='ltr'><strong>posse</strong></span> <span class='ocrx_word' id='word_1_449' title='bbox 1251 2241 1422 2276; x_wconf 89' lang='lat' dir='ltr'><strong>videbam</strong></span> <span class='ocrx_word' id='word_1_450' title='bbox 1454 2242 1602 2276; x_wconf 90' lang='lat' dir='ltr'><strong>nomine</strong></span> <span class='ocrx_word' id='word_1_451' title='bbox 1629 2241 1804 2275; x_wconf 88' lang='lat' dir='ltr'><strong>crimen</strong></span> 
     </span>
     <span class='ocr_line' id='line_1_46' title="bbox 245 2287 1804 2333; baseline 0.001 -12"><span class='ocrx_word' id='word_1_452' title='bbox 245 2289 441 2332; x_wconf 89' lang='lat' dir='ltr'><strong>duplicato,</strong></span> <span class='ocrx_word' id='word_1_453' title='bbox 470 2292 511 2322; x_wconf 92' lang='lat' dir='ltr'><strong>ut</strong></span> <span class='ocrx_word' id='word_1_454' title='bbox 536 2289 762 2332; x_wconf 86' lang='lat' dir='ltr'><strong>duplicatum</strong></span> <span class='ocrx_word' id='word_1_455' title='bbox 788 2288 955 2322; x_wconf 87' lang='lat' dir='ltr'><strong>videmus</strong></span> <span class='ocrx_word' id='word_1_456' title='bbox 981 2289 1145 2323; x_wconf 89' lang='lat' dir='ltr'><strong>vitium</strong></span> <span class='ocrx_word' id='word_1_457' title='bbox 1176 2289 1273 2333; x_wconf 86' lang='lat' dir='ltr'><strong>apud</strong></span> <span class='ocrx_word' id='word_1_458' title='bbox 1298 2288 1404 2324; x_wconf 83' lang='lat' dir='ltr'><strong>Publ.</strong></span> <span class='ocrx_word' id='word_1_459' title='bbox 1433 2288 1466 2332; x_wconf 72' lang='lat' dir='ltr'>Q</span> <span class='ocrx_word' id='word_1_460' title='bbox 1490 2290 1534 2323; x_wconf 83' lang='grc'><strong>41</strong></span> <span class='ocrx_word' id='word_1_461' title='bbox 1563 2289 1679 2333; x_wconf 75' lang='grc'><strong>(541).</strong></span> <span class='ocrx_word' id='word_1_462' title='bbox 1730 2287 1804 2322; x_wconf 87' lang='lat' dir='ltr'><strong>Sed</strong></span> 
     </span>
     <span class='ocr_line' id='line_1_47' title="bbox 245 2335 1802 2379; baseline -0.001 -10"><span class='ocrx_word' id='word_1_463' title='bbox 245 2335 421 2379; x_wconf 85' lang='lat' dir='ltr'><strong>duplicati</strong></span> <span class='ocrx_word' id='word_1_464' title='bbox 453 2335 610 2369; x_wconf 88' lang='lat' dir='ltr'><strong>nominis</strong></span> <span class='ocrx_word' id='word_1_465' title='bbox 645 2336 738 2369; x_wconf 90' lang='lat' dir='ltr'><strong>ratio</strong></span> <span class='ocrx_word' id='word_1_466' title='bbox 773 2347 815 2370; x_wconf 84' lang='lat' dir='ltr'><strong>ea</strong></span> <span class='ocrx_word' id='word_1_467' title='bbox 839 2338 903 2377; x_wconf 90' lang='lat' dir='ltr'><strong>est,</strong></span> <span class='ocrx_word' id='word_1_468' title='bbox 937 2339 978 2369; x_wconf 89' lang='lat' dir='ltr'><strong>ut</strong></span> <span class='ocrx_word' id='word_1_469' title='bbox 1004 2337 1128 2370; x_wconf 82' lang='lat' dir='ltr'><strong>autin</strong></span> <span class='ocrx_word' id='word_1_470' title='bbox 1160 2336 1298 2371; x_wconf 87' lang='lat' dir='ltr'><strong>duobus</strong></span> <span class='ocrx_word' id='word_1_471' title='bbox 1334 2335 1594 2370; x_wconf 87' lang='lat' dir='ltr'><strong>enuntiationis</strong></span> <span class='ocrx_word' id='word_1_472' title='bbox 1632 2335 1802 2369; x_wconf 89' lang='lat' dir='ltr'><strong>membris</strong></span> 
     </span>
     <span class='ocr_line' id='line_1_48' title="bbox 245 2382 1802 2427; baseline 0.001 -11"><span class='ocrx_word' id='word_1_473' title='bbox 245 2394 378 2416; x_wconf 89' lang='lat' dir='ltr'><strong>nomen</strong></span> <span class='ocrx_word' id='word_1_474' title='bbox 404 2383 612 2426; x_wconf 85' lang='lat' dir='ltr'><strong>duplicetur</strong></span> <span class='ocrx_word' id='word_1_475' title='bbox 637 2385 699 2416; x_wconf 83' lang='lat' dir='ltr'><strong>aut</strong></span> <span class='ocrx_word' id='word_1_476' title='bbox 724 2383 951 2426; x_wconf 87' lang='lat' dir='ltr'><strong>duplicatum</strong></span> <span class='ocrx_word' id='word_1_477' title='bbox 969 2395 1101 2417; x_wconf 91' lang='lat' dir='ltr'><strong>nomen</strong></span> <span class='ocrx_word' id='word_1_478' title='bbox 1120 2395 1207 2418; x_wconf 92' lang='lat' dir='ltr'><strong>casu</strong></span> <span class='ocrx_word' id='word_1_479' title='bbox 1226 2383 1373 2417; x_wconf 84' lang='lat' dir='ltr'><strong>differat</strong></span> <span class='ocrx_word' id='word_1_480' title='bbox 1399 2383 1444 2417; x_wconf 89' lang='lat' dir='ltr'><strong>cf.</strong></span> <span class='ocrx_word' id='word_1_481' title='bbox 1463 2382 1569 2417; x_wconf 88' lang='lat' dir='ltr'><strong>Publ.</strong></span> <span class='ocrx_word' id='word_1_482' title='bbox 1597 2382 1632 2416; x_wconf 84' lang='lat' dir='ltr'>R</span> <span class='ocrx_word' id='word_1_483' title='bbox 1649 2382 1670 2417; x_wconf 84' lang='grc'>8</span> <span class='ocrx_word' id='word_1_484' title='bbox 1688 2382 1802 2427; x_wconf 75' lang='lat'>(576).</span> 
     </span>
     <span class='ocr_line' id='line_1_49' title="bbox 244 2429 1803 2473; baseline -0.001 -10"><span class='ocrx_word' id='word_1_485' title='bbox 244 2430 401 2464; x_wconf 89' lang='lat' dir='ltr'><strong>Accedit</strong></span> <span class='ocrx_word' id='word_1_486' title='bbox 418 2430 515 2472; x_wconf 79' lang='lat' dir='ltr'><strong>quod</strong></span> <span class='ocrx_word' id='word_1_487' title='bbox 533 2441 615 2464; x_wconf 90' lang='lat' dir='ltr'><strong>cum</strong></span> <span class='ocrx_word' id='word_1_488' title='bbox 634 2429 770 2463; x_wconf 90' lang='lat' dir='ltr'><strong>crimen</strong></span> <span class='ocrx_word' id='word_1_489' title='bbox 787 2430 905 2464; x_wconf 87' lang='lat' dir='ltr'><strong>acrius</strong></span> <span class='ocrx_word' id='word_1_490' title='bbox 931 2430 1050 2464; x_wconf 88' lang='lat' dir='ltr'><strong>facere</strong></span> <span class='ocrx_word' id='word_1_491' title='bbox 1077 2431 1220 2471; x_wconf 90' lang='lat' dir='ltr'><strong>dicaris,</strong></span> <span class='ocrx_word' id='word_1_492' title='bbox 1248 2442 1320 2464; x_wconf 92' lang='lat' dir='ltr'><strong>non</strong></span> <span class='ocrx_word' id='word_1_493' title='bbox 1346 2431 1419 2464; x_wconf 87' lang='lat' dir='ltr'><strong>iam</strong></span> <span class='ocrx_word' id='word_1_494' title='bbox 1445 2430 1592 2468; x_wconf 87' lang='lat' dir='ltr'><strong>crimen,</strong></span> <span class='ocrx_word' id='word_1_495' title='bbox 1620 2429 1684 2463; x_wconf 89' lang='lat' dir='ltr'><strong>sed</strong></span> <span class='ocrx_word' id='word_1_496' title='bbox 1705 2429 1803 2473; x_wconf 88' lang='lat' dir='ltr'><strong>quod</strong></span> 
     </span>
     <span class='ocr_line' id='line_1_50' title="bbox 245 2475 1802 2521; baseline -0.001 -10"><span class='ocrx_word' id='word_1_497' title='bbox 245 2477 397 2511; x_wconf 89' lang='lat' dir='ltr'><strong>crimine</strong></span> <span class='ocrx_word' id='word_1_498' title='bbox 424 2476 538 2511; x_wconf 89' lang='lat' dir='ltr'><strong>levius</strong></span> <span class='ocrx_word' id='word_1_499' title='bbox 566 2479 630 2516; x_wconf 87' lang='lat' dir='ltr'><strong>est,</strong></span> <span class='ocrx_word' id='word_1_500' title='bbox 658 2477 794 2511; x_wconf 87' lang='lat' dir='ltr'><strong>iactum</strong></span> <span class='ocrx_word' id='word_1_501' title='bbox 819 2478 993 2521; x_wconf 87' lang='lat' dir='ltr'><strong>oportuit,</strong></span> <span class='ocrx_word' id='word_1_502' title='bbox 1022 2489 1067 2512; x_wconf 86' lang='lat' dir='ltr'><strong>ex</strong></span> <span class='ocrx_word' id='word_1_503' title='bbox 1093 2490 1164 2521; x_wconf 88' lang='lat' dir='ltr'><strong>quo</strong></span> <span class='ocrx_word' id='word_1_504' title='bbox 1191 2478 1308 2512; x_wconf 88' lang='lat' dir='ltr'><strong>acrius</strong></span> <span class='ocrx_word' id='word_1_505' title='bbox 1335 2478 1474 2512; x_wconf 85' lang='lat' dir='ltr'><strong>crimen</strong></span> <span class='ocrx_word' id='word_1_506' title='bbox 1501 2477 1685 2511; x_wconf 83' lang='lat' dir='ltr'><strong>existeret.</strong></span> <span class='ocrx_word' id='word_1_507' title='bbox 1728 2475 1802 2509; x_wconf 93' lang='lat' dir='ltr'><strong>De-</strong></span> 
     </span>
     <span class='ocr_line' id='line_1_51' title="bbox 246 2523 1800 2568; baseline -0.001 -11"><span class='ocrx_word' id='word_1_508' title='bbox 246 2524 353 2567; x_wconf 85' lang='lat' dir='ltr'><strong>nique</strong></span> <span class='ocrx_word' id='word_1_509' title='bbox 371 2535 415 2558; x_wconf 88' lang='lat' dir='ltr'><strong>ex</strong></span> <span class='ocrx_word' id='word_1_510' title='bbox 441 2525 542 2558; x_wconf 85' lang='lat' dir='ltr'><strong>varia</strong></span> <span class='ocrx_word' id='word_1_511' title='bbox 559 2524 623 2557; x_wconf 93' lang='lat' dir='ltr'><strong>illa</strong></span> <span class='ocrx_word' id='word_1_512' title='bbox 648 2523 826 2557; x_wconf 88' lang='lat' dir='ltr'><strong>librorum</strong></span> <span class='ocrx_word' id='word_1_513' title='bbox 853 2524 1042 2568; x_wconf 87' lang='lat' dir='ltr'><strong>scriptura,</strong></span> <span class='ocrx_word' id='word_1_514' title='bbox 1071 2537 1152 2559; x_wconf 90' lang='lat' dir='ltr'><strong>cum</strong></span> <span class='ocrx_word' id='word_1_515' title='bbox 1184 2524 1214 2558; x_wconf 91' lang='lat' dir='ltr'>P</span> <span class='ocrx_word' id='word_1_516' title='bbox 1240 2525 1484 2558; x_wconf 88' lang='lat' dir='ltr'><strong>tacendum</strong></span> <span class='ocrx_word' id='word_1_517' title='bbox 1509 2524 1566 2567; x_wconf 81' lang='grc' dir='ltr'><strong>Ββ</strong></span> <span class='ocrx_word' id='word_1_518' title='bbox 1583 2523 1800 2563; x_wconf 88' lang='lat' dir='ltr'><strong>tacendo,</strong></span> 
     </span>
     <span class='ocr_line' id='line_1_52' title="bbox 243 2569 1798 2615; baseline 0 -11"><span class='ocrx_word' id='word_1_519' title='bbox 243 2570 310 2605; x_wconf 82' lang='lat' dir='ltr'><strong>RF</strong></span> <span class='ocrx_word' id='word_1_520' title='bbox 347 2574 583 2605; x_wconf 88' lang='lat' dir='ltr'><strong>tacentem</strong></span> <span class='ocrx_word' id='word_1_521' title='bbox 617 2571 824 2611; x_wconf 86' lang='lat' dir='ltr'><strong>exhibeant,</strong></span> <span class='ocrx_word' id='word_1_522' title='bbox 862 2574 1063 2606; x_wconf 86' lang='lat' dir='ltr'><strong>extremam</strong></span> <span class='ocrx_word' id='word_1_523' title='bbox 1090 2572 1166 2606; x_wconf 90' lang='lat' dir='ltr'><strong>eius</strong></span> <span class='ocrx_word' id='word_1_524' title='bbox 1192 2572 1295 2605; x_wconf 87' lang='lat' dir='ltr'><strong>verbi</strong></span> <span class='ocrx_word' id='word_1_525' title='bbox 1323 2571 1502 2615; x_wconf 87' lang='lat' dir='ltr'><strong>syllabam</strong></span> <span class='ocrx_word' id='word_1_526' title='bbox 1535 2571 1661 2605; x_wconf 87' lang='lat' dir='ltr'><strong>elisam</strong></span> <span class='ocrx_word' id='word_1_527' title='bbox 1687 2569 1798 2604; x_wconf 89' lang='lat' dir='ltr'><strong>fuisse</strong></span> 
     </span>
     <span class='ocr_line' id='line_1_53' title="bbox 243 2617 1798 2663; baseline 0 -12"><span class='ocrx_word' id='word_1_528' title='bbox 243 2617 430 2663; x_wconf 85' lang='lat' dir='ltr'><strong>intellego.</strong></span> <span class='ocrx_word' id='word_1_529' title='bbox 494 2618 596 2662; x_wconf 76' lang='lat' dir='ltr'><strong>Quae</strong></span> <span class='ocrx_word' id='word_1_530' title='bbox 622 2630 705 2651; x_wconf 93' lang='lat' dir='ltr'><strong>cum</strong></span> <span class='ocrx_word' id='word_1_531' title='bbox 729 2619 781 2651; x_wconf 89' lang='lat' dir='ltr'><strong>ita</strong></span> <span class='ocrx_word' id='word_1_532' title='bbox 808 2619 891 2659; x_wconf 89' lang='lat' dir='ltr'><strong>sint,</strong></span> <span class='ocrx_word' id='word_1_533' title='bbox 929 2630 1063 2653; x_wconf 90' lang='lat' dir='ltr'><strong>nomen</strong></span> <span class='ocrx_word' id='word_1_534' title='bbox 1095 2630 1282 2653; x_wconf 86' lang='lat' dir='ltr'><strong>acumen</strong></span> <span class='ocrx_word' id='word_1_535' title='bbox 1316 2619 1413 2652; x_wconf 88' lang='lat' dir='ltr'><strong>inter</strong></span> <span class='ocrx_word' id='word_1_536' title='bbox 1437 2618 1632 2652; x_wconf 88' lang='lat' dir='ltr'><strong>tacendo</strong></span> <span class='ocrx_word' id='word_1_537' title='bbox 1660 2617 1798 2662; x_wconf 82' lang='lat' dir='ltr'><strong>(dum,</strong></span> 
     </span>
     <span class='ocr_line' id='line_1_54' title="bbox 244 2663 1801 2710; baseline 0 -12"><span class='ocrx_word' id='word_1_538' title='bbox 244 2666 352 2709; x_wconf 79' lang='lat' dir='ltr'><strong>tem)</strong></span> <span class='ocrx_word' id='word_1_539' title='bbox 378 2668 413 2698; x_wconf 90' lang='lat' dir='ltr'><strong>et</strong></span> <span class='ocrx_word' id='word_1_540' title='bbox 439 2677 457 2699; x_wconf 94' lang='lat' dir='ltr'><strong>c</strong></span> <span class='ocrx_word' id='word_1_541' title='bbox 470 2666 617 2699; x_wconf 87' lang='lat' dir='ltr'><strong>rimen</strong></span> <span class='ocrx_word' id='word_1_542' title='bbox 643 2665 871 2700; x_wconf 86' lang='lat' dir='ltr'><strong>intercidisse</strong></span> <span class='ocrx_word' id='word_1_543' title='bbox 890 2665 1065 2701; x_wconf 88' lang='lat' dir='ltr'><strong>arbitror:</strong></span> <span class='ocrx_word' id='word_1_544' title='bbox 1094 2667 1191 2710; x_wconf 86' lang='lat' dir='ltr'><strong>quod</strong></span> <span class='ocrx_word' id='word_1_545' title='bbox 1209 2677 1342 2699; x_wconf 87' lang='lat' dir='ltr'><strong>nomen</strong></span> <span class='ocrx_word' id='word_1_546' title='bbox 1360 2677 1402 2700; x_wconf 91' lang='lat' dir='ltr'><strong>eo</strong></span> <span class='ocrx_word' id='word_1_547' title='bbox 1421 2665 1564 2699; x_wconf 89' lang='lat' dir='ltr'><strong>facilius</strong></span> <span class='ocrx_word' id='word_1_548' title='bbox 1581 2663 1801 2699; x_wconf 86' lang='lat' dir='ltr'><strong>intercidere</strong></span> 
     </span>
     <span class='ocr_line' id='line_1_55' title="bbox 245 2711 1800 2758; baseline -0.001 -13"><span class='ocrx_word' id='word_1_549' title='bbox 245 2712 376 2756; x_wconf 87' lang='lat' dir='ltr'><strong>potuit,</strong></span> <span class='ocrx_word' id='word_1_550' title='bbox 416 2724 498 2746; x_wconf 88' lang='lat' dir='ltr'><strong>cum</strong></span> <span class='ocrx_word' id='word_1_551' title='bbox 532 2712 720 2756; x_wconf 86' lang='lat' dir='ltr'><strong>utriusque</strong></span> <span class='ocrx_word' id='word_1_552' title='bbox 753 2713 944 2756; x_wconf 87' lang='lat' dir='ltr'><strong>scriptura,</strong></span> <span class='ocrx_word' id='word_1_553' title='bbox 981 2713 1010 2747; x_wconf 92' lang='lat' dir='ltr'><strong>si</strong></span> <span class='ocrx_word' id='word_1_554' title='bbox 1044 2713 1250 2747; x_wconf 89' lang='lat' dir='ltr'><strong>litterarum</strong></span> <span class='ocrx_word' id='word_1_555' title='bbox 1285 2713 1418 2758; x_wconf 86' lang='lat' dir='ltr'><strong>figuras</strong></span> <span class='ocrx_word' id='word_1_556' title='bbox 1453 2715 1604 2756; x_wconf 78' lang='lat' dir='ltr'><strong>spectas,</strong></span> <span class='ocrx_word' id='word_1_557' title='bbox 1639 2715 1738 2745; x_wconf 86' lang='lat' dir='ltr'><strong>certe</strong></span> <span class='ocrx_word' id='word_1_558' title='bbox 1762 2711 1800 2744; x_wconf 89' lang='lat' dir='ltr'><strong>in</strong></span> 
     </span>
    </p>
   </div>
  </div>
 </body>
</html>
