1967 3090
763 146 1082 188 —163—

143 273 231 296 rum
256 261 552 305 transpositione,
579 272 687 304 quam
713 272 758 296 ex
782 261 1021 304 grammatica
1047 261 1187 294 ratione
1212 260 1347 295 factam
1372 271 1450 294 esse
1476 260 1702 295 demonstra-

145 309 264 342 ¹vimus
293 308 356 351 ch.
383 307 490 342 Publ.
517 307 546 341 F
573 309 616 342 26
642 308 757 351 (191).
783 306 897 351 praef.
923 318 958 351 p.
986 307 1057 350 14.)
1083 307 1147 342 ,vel
1181 318 1225 341 ex
1256 308 1336 341 aliis
1371 308 1481 341 etiam
1515 307 1701 341 erroribus

142 355 274 389 vitium
301 355 526 389 contraxisse
553 354 671 389 video.
722 354 901 389 Gruterus
926 364 1024 392 vero,
1057 358 1097 387 ut
1121 354 1327 397 neglectam
1352 354 1532 388 diaeresin
1557 355 1700 394 vitaret,

140 402 296 436 eundem
312 413 458 436 versum
476 402 609 435 omisso
628 413 661 437 v.
689 401 822 435 dolor
848 400 994 434 videtur
1010 401 1186 444 posuisse,
1215 413 1296 435 cum
1322 401 1373 435 sic
1393 401 1569 436 scriberet
1582 414 1592 443 ;,
1616 400 1700 435 Heu

139 450 249 492 quam
274 449 385 482 miser
410 454 474 488 est,
503 449 564 492 qui
590 449 626 481 in
652 449 839 482 t5rnient0
864 459 992 481 vocem
1017 447 1115 481 haud
1140 448 1268 482 habet!
1297 447 1351 483 Cf.
1382 448 1482 483 Edit.
1509 448 1590 492 Bip.
1618 449 1698 484 263.

141 495 300 530 Exstant
327 499 449 529 autem
474 495 511 528 hi
537 495 634 539 apud
660 494 871 532 Publilium,
899 495 929 528 si
948 494 1157 528 Woelfflini
1183 495 1380 529 editionem
1407 506 1546 538 sequor,
1575 507 1698 529 versus

140 543 311 585 quadrati
336 553 485 576 numero
512 542 773 587 quadraginta:
801 542 836 575 A
863 542 918 577 33.
954 541 985 575 Β
1022 542 1065 576 16
1100 542 1192 584 159).
1228 541 1255 575 C
1290 542 1310 576 6
1341 542 1432 585 190).
1467 542 1494 575 C
1530 543 1572 577 15
1606 542 1700 587 Q99).

137 588 169 623 C
199 589 377 633 16111Ἰ.0)
404 589 438 622 D
465 589 485 622 4
512 589 626 632 (126).
675 588 709 622 D
736 589 918 633 231145).
944 588 976 622 Ε
1002 589 1022 623 9
1050 589 1166 633 1155).
1193 588 1222 621 F
1250 590 1293 623 19
1321 589 1436 633 1164).
1464 588 1493 622 F
1520 590 1702 630 201165).

139 635 170 669 F
195 637 376 680 221167).
403 635 442 670 Η
467 636 626 680 41206).
652 635 696 671 Η
717 635 1194 681 6121Ἰ8).Ηι1’21Ἰ9).Η
1227 636 1393 680 91211).
1428 635 1467 669 H
1502 637 1696 685 161212)

141 682 161 716 I
190 684 231 717 12
258 683 370 728 (241).
396 682 416 717 Ι
443 683 625 727 161245)
653 682 673 716 Ι
697 684 880 728 221251).
907 683 925 717 I
952 683 1134 728 241253).
1159 682 1180 716 Ι
1206 683 1398 727 341263).
1432 681 1471 716 M
1506 684 1696 727 131321).

140 729 181 764 M
207 729 457 775 1813261111
483 730 526 764 52
553 730 667 775 1360).
694 729 729 764 N
756 731 775 764 5
803 730 911 774 (381).
939 729 974 764 N
1000 730 1019 765 6
1047 730 1160 774 (362).
1187 729 1223 763 N
1257 730 1424 774 6136'4').
1461 729 1495 763 N
1529 730 1548 765 9
1583 731 1698 783 (ΒΪἸ).

140 776 175 810 N
202 778 244 811 55
271 777 382 820 (431).
411 775 441 811 O
467 776 684 821 41433910
712 777 870 821 91444).
897 776 928 810 P
955 777 999 811 30
1025 776 1139 821 (479).
1167 776 1200 820 Q
1225 777 1269 811 25
1296 777 1410 819 (525).
1438 776 1468 819 Q
1506 777 1548 811 53
1585 778 1698 817 (553).

140 823 174 867 Q
200 825 384 868 611561).
412 822 437 858 S
467 824 624 868 11564).
653 823 678 858 S
705 823 946 868 23161Ἰ6Ἰ.Τ
973 824 1131 863 11626Ἰ.
1168 823 1204 857 V
1237 825 1405 868 (635).
1440 823 1477 857 V
1511 825 1701 869 1016361.

138 870 197 905 Ex
222 871 292 911 his,
321 882 410 914 quos
438 872 738 911 enumeravimus,
766 883 856 905 unus
884 870 909 905 S
937 873 955 906 1
982 871 1083 916 1564)
1107 871 1198 904 mihi
1223 871 1381 914 quidem,
1409 875 1448 904 ut
1474 871 1584 915 vulgo
1612 877 1701 911 erat,

140 919 302 952 senarius
338 919 433 951 inter
467 918 629 951 senarios
656 919 888 962 reponendus
924 918 1086 953 videtur:
1129 929 1173 952 ex
1198 919 1347 961 reliquis
1391 929 1478 952 vero
1517 919 1702 962 undezlua-

140 965 314 1009 draginta
338 965 492 1010 triginta
519 965 591 998 duo
617 976 698 998 Ἰ6Γε
704 976 743 998 us
769 966 862 999 iusta
887 965 1043 1000 diaeresi
1060 969 1221 1006 utuntur,
1249 971 1289 999 ut
1315 977 1358 999 ex
1392 976 1434 999 eo
1459 966 1539 1009 ipso
1567 977 1702 1011 cogno-

140 1023 244 1045 scere
271 1012 380 1045 liceat
388 995 607 1046 0Publilium
624 1012 728 1046 illam
753 1013 798 1046 de
817 1013 972 1046 diaeresi
998 1013 1118 1058 legem
1145 1013 1275 1046 observ
1279 1024 1339 1046 are
1364 1023 1473 1077 quam
1504 1013 1701 1056 neglegeie

140 1058 322 1094 maluisse.
374 1057 620 1102 Quamobrem
645 1071 690 1093 ne
717 1062 859 1103 septem
893 1043 1055 1102 quiden?
1070 1060 1231 1103 reliquos
1265 1071 1389 1094 vseisu
1441 1058 1476 1093 D
1511 1061 1554 1094 25
1587 1060 1699 1102 1145)

139 1105 179 1140 Η
205 1106 362 1151 91211).
412 1105 451 1140 Η
478 1106 521 1141 10
548 1106 661 1151 1212).
712 1106 752 1140 M
779 1107 961 1151 161326).
1012 1106 1050 1141 M
1077 1108 1259 1151 521360.)
1312 1106 1343 1150 Q
1370 1088 1551 1151 531553).
1603 1106 1675 1141 82

137 1153 246 1198 (606)
260 1164 382 1187 carere
401 1153 495 1187 iusta
509 1153 664 1187 diaeresi
678 1153 810 1188 debere
825 1165 974 1188 censeo:
990 1158 1030 1187 ut
1044 1154 1160 1198 igitur
1179 1159 1329 1195 ceteros,
1358 1155 1411 1187 ita
1429 1154 1525 1187 hunc
1558 1165 1701 1197 quoque

140 1211 294 1241 versum,
329 1200 373 1233 de
400 1211 470 1243 quo
504 1200 743 1244 disputamus,
769 1201 885 1235 iustae
911 1201 1085 1235 diaeresis
1121 1206 1311 1245 expertem
1344 1212 1417 1234 non
1443 1200 1568 1241 videri,
1597 1201 1698 1234 dum-

140 1247 248 1281 modo
274 1258 420 1281 versum
446 1259 528 1280 cum
552 1247 686 1281 Bothio
714 1252 749 1281 et
775 1248 940 1281 Antonio
967 1248 1018 1282 sic
1045 1249 1199 1283 scribas:
1235 1248 1284 1282 H.
1312 1248 1346 1282 d.
1373 1259 1406 1291 q.
1433 1260 1479 1283 m.
1507 1259 1536 1283 e.
1572 1259 1699 1282 vocem

140 1294 202 1337 qui
220 1294 258 1327 in
275 1298 458 1328 tormento
475 1305 550 1328 non
567 1294 695 1328 habet!
723 1294 855 1328 Torm
867 1299 941 1329 ent
953 1306 973 1328 o
997 1300 1118 1329 autem
1143 1307 1334 1329 numerum
1352 1295 1573 1339 singularem
1590 1295 1702 1329 Bent-

140 1340 231 1374 leius
265 1345 458 1384 propterea
491 1341 626 1385 plurali
659 1342 912 1375 tormentis
946 1341 1093 1376 videtur
1125 1343 1352 1386 praetulisse,
1388 1342 1487 1385 quod
1518 1354 1584 1376 nec
1617 1354 1700 1386 sup-

139 1388 292 1431 plicium
317 1388 410 1422 illud
433 1400 499 1422 nec
518 1388 629 1421 animi
647 1389 859 1432 corporisve
878 1390 1058 1423 cruciatus
1076 1389 1210 1423 multos
1230 1401 1270 1423 ac
1290 1389 1478 1433 repetitos.
1508 1390 1572 1423 sed
1590 1401 1702 1423 unum

140 1435 300 1478 aliquem
325 1435 490 1469 dolorem
514 1435 769 1469 vehementem
795 1440 858 1469 aut
884 1447 1008 1470 curam
1033 1437 1137 1470 innui
1172 1436 1349 1471 crederet.
1400 1435 1454 1470 Cf.
1491 1436 1555 1471 ΟἸ·.
1590 1435 1700 1471 Trist.

141 1481 187 1515 V.
217 1483 270 1521 13,
286 1482 318 1517 3.
369 1481 462 1515 Hor.
489 1481 557 1526 Ep.
584 1481 614 1517 I.
643 1484 673 1523 2,
691 1483 745 1517 56.
773 1482 850 1517 Iuv.
879 1482 953 1517 Sat.
979 1482 1031 1518 Il.
1061 1484 1138 1518 147.
1166 1483 1234 1519 DL
1270 1484 1318 1518 16.
1345 1483 1477 1526 Itaque
1502 1483 1591 1517 haec
1618 1495 1696 1518 ver-

139 1540 201 1562 sus
227 1529 409 1562 sententia
435 1532 501 1569 est,
530 1540 612 1563 eum
636 1530 881 1564 miserrimum
909 1541 998 1570 esse,
1025 1531 1088 1574 qui
1113 1542 1221 1574 quam
1245 1530 1481 1564 vehementer
1506 1531 1697 1564 crucietur.

139 1576 262 1619 eloqui
288 1579 351 1609 aut
376 1575 469 1609 nolit
497 1579 559 1609 aut
585 1588 659 1610 non
684 1577 812 1621 possit.
863 1576 1596 1621 Cf.Sen.Cont1-0v.11.13.p.176.ed
1616 1577 1698 1630 Rip·

143 1623 347 1657 caeduntur
371 1622 525 1668 flagellis
553 1628 663 1664 artus,
690 1624 903 1658 xerbeiibus
931 1635 1060 1668 corpus
1080 1625 1311 1669 abrumpitur
1329 1625 1616 1668 exprimiturque
1642 1625 1697 1678 ip-

141 1670 190 1703 sis
215 1669 398 1704 vitalibus.
450 1669 571 1704 Taeet.
597 1670 769 1714 Excerpt.
797 1671 969 1706 Controv.
996 1671 1064 1707 IV.
1095 1674 1123 1706 1.
1151 1684 1186 1716 p.
1213 1672 1293 1706 416.
1322 1672 1377 1706 ed.
1408 1671 1488 1715 Rip.
1524 1683 1607 1705 cum
1632 1672 1698 1705 mi-

140 1717 334 1751 serrimum
352 1717 398 1750 sit
415 1717 512 1758 flere,
533 1729 642 1760 quam
658 1718 787 1751 infele
806 1730 894 1757 sum,
915 1719 972 1752 cui
990 1730 1035 1752 ne
1053 1719 1124 1752 hoc
1142 1719 1288 1762 quidem
1305 1719 1402 1753 licet.
1446 1717 1528 1753 Sen.
1550 1718 1670 1761 Thyse
1673 1725 1698 1754 t.

141 1764 221 1799 951.
247 1763 358 1797 flendi
382 1764 524 1798 miseris
555 1765 699 1808 cupido.
749 1764 902 1809 Hippol.
939 1765 1017 1801 602.
1052 1778 1106 1799 vis
1141 1777 1275 1810 magna
1314 1777 1440 1800 vocem
1478 1766 1624 1806 emittit,
1665 1770 1700 1800 et

140 1811 258 1844 maior
282 1814 393 1845 tenet.
421 1811 500 1846 605.
528 1811 645 1846 Curae
662 1812 761 1846 leves
786 1813 995 1855 loquuntur,
1021 1813 1187 1858 ingentes
1214 1817 1372 1857 stupent.
1423 1813 1598 1847 Erasmus
1625 1813 1701 1856 qui-

140 1858 225 1892 dem
242 1869 325 1892 cum
341 1859 379 1891 in
395 1870 504 1892 versu
521 1862 753 1893 tormento
772 1860 971 1903 scripserit.
990 1864 1113 1894 tamen
1129 1864 1304 1904 tanquam
1325 1860 1568 1894 tormentis
1590 1861 1701 1904 scrip-

141 1909 223 1939 tum
247 1905 356 1950 legat,
384 1905 429 1939 de
455 1906 636 1950 supplicio
654 1907 935 1950 interpretatur:
965 1906 1035 1949 „Et
1059 1907 1118 1940 hic
1136 1907 1344 1942 trochaicus
1363 1912 1429 1941 est.
1480 1906 1526 1940 In
1543 1911 1701 1941 tormen-

142 1952 190 1985 tis
215 1963 344 1986 verum
367 1953 581 1995 exquiritur.
632 1953 685 1987 At
712 1953 861 1996 quidem
885 1954 938 1988 ita
961 1957 1188 1997 torquentur,
1214 1958 1255 1988 ut
1271 1966 1346 1988 non
1364 1954 1484 1988 ausint
1502 1966 1628 1988 verum
1645 1954 1698 1988 di-

140 2009 233 2040 cere,
269 1999 424 2033 scientes
459 2000 548 2042 quid
577 2000 667 2034 velit
700 2001 822 2040 taceri,
858 2001 918 2043 qui
951 2004 1136 2044 torquet.‘⁴
1177 2001 1310 2035 Restat
1343 2006 1383 2035 ut
1417 2002 1488 2035 duo
1522 2013 1701 2035 novorum

141 2057 311 2080 versuum
335 2046 597 2089 quadratorum
622 2058 768 2092 genera,
797 2047 955 2081 alterum
987 2059 1124 2088 eorum.
1159 2060 1251 2092 quos
1285 2060 1329 2082 ex
1363 2049 1515 2082 senariis
1548 2049 1698 2088 mutavi,

142 2093 299 2127 alterum
324 2104 459 2134 eorum,
495 2105 585 2137 quos
610 2094 720 2127 nullis
746 2095 904 2128 numeris
937 2082 1134 2129 adstrictos
1167 2095 1365 2139 quadratos
1400 2096 1482 2129 feci.
1529 2095 1583 2129 Hi
1618 2103 1701 2129 sunt

143 2143 334 2183 quattuor:
361 2139 394 2173 G
411 2140 432 2175 7
450 2141 562 2185 1200).
612 2140 651 2174 Η
672 2142 711 2175 11
732 2141 846 2186 1213).
897 2141 930 2175 N
952 2142 994 2176 16
1019 2142 1130 2186 1392).
1180 2142 1210 2175 Ρ
1227 2143 1272 2177 42
1290 2143 1412 2187 1491);
1439 2143 1493 2176 illi
1511 2143 1700 2177 undecim:

138 2187 178 2220 A
203 2187 259 2221 40.
285 2186 312 2220 C
339 2188 383 2221 25
415 2188 528 2232 1110).
562 2187 601 2221 Η
633 2188 677 2222 25
712 2188 828 2233 (227).
878 2187 899 2222 Ι
925 2189 967 2223 61
995 2189 1107 2234 1291).
1157 2189 1192 2223 N
1226 2190 1271 2225 24
1298 2190 1411 2234 1400).
1463 2189 1492 2223 Ο
1529 2189 1548 2222 ’Ἰ
1583 2189 1699 2234 1440).

143 2233 174 2267 O
210 2235 252 2268 13
284 2234 396 2279 1446).
449 2233 481 2277 Q.
515 2235 558 2269 63
593 2235 707 2280 1563).
765 2234 800 2268 R
834 2236 854 2270 5
882 2236 996 2280 1573).
1048 2235 1073 2270 S
1100 2237 1259 2281 91592).
1311 2235 1336 2270 S
1361 2237 1549 2281 201606).

243 2305 298 2340 10.
327 2305 451 2339 Verba
477 2306 528 2339 ita
553 2306 819 2359 interpretatur
844 2305 1071 2340 Erasmusz.
1076 2307 1134 2347 ,In
1158 2308 1268 2352 longa
1285 2308 1359 2341 vita
1386 2307 1501 2340 multa
1520 2307 1698 2341 accidunt.

78 2368 82 2370 >
143 2363 235 2395 quae
253 2352 390 2386 nolis':
410 2353 505 2387 unde
518 2353 690 2386 multa
681 2365 718 2386 1n
735 2365 756 2386 Ἰ
761 2353 855 2386 erbis
875 2354 1105 2388 intercidisse
1126 2355 1331 2398 suspiceris.
1359 2353 1435 2388 Nec
1455 2343 1699 2388 dubitandum

144 2399 299 2439 xidetur,
328 2399 416 2442 quin
442 2399 633 2434 Publilius.
660 2412 743 2434 cum
768 2400 864 2434 hunc
890 2411 1035 2434 versum
1053 2401 1234 2442 funderet,
1261 2401 1463 2446 respexerit
1482 2401 1529 2435 ad
1547 2401 1700 2435 Caecilii

143 2445 254 2479 Statii
279 2457 424 2480 Ἰ6Γ366]
448 2458 539 2487 eum,
559 2449 667 2490 quem
687 2447 813 2481 Cicero
833 2446 910 2481 Cat.
938 2447 1023 2483 Mai.
1042 2447 1154 2482 vm
1182 2450 1237 2484 25.
1257 2449 1394 2484 attulit.
1445 2448 1499 2484 Cf.
1518 2448 1697 2483 Ribbeck.

143 2492 244 2528 Com.
270 2492 376 2527 Rom
404 2493 537 2538 fragm.
563 2506 598 2538 p.
626 2494 682 2529 65.
710 2505 817 2537 quam
843 2494 906 2528 diu
932 2495 1086 2529 vivendo
1112 2496 1227 2530 multa
1253 2507 1344 2539 quae
1370 2507 1444 2529 non
1475 2507 1506 2529 Ἰ(
1501 2495 1552 2529 olt
1586 2495 1697 2530 videt.

145 2539 228 2575 Sen.
255 2551 310 2583 ep.
336 2539 489 2575 XV1.1
518 2542 640 2586 (96)
621 2541 801 2576 0.on1nia
818 2541 887 2574 ista
913 2542 950 2574 in
975 2541 1085 2587 longa
1110 2543 1187 2576 vita
1204 2549 1298 2583 sunt,
1326 2543 1536 2586 quomodo
1526 2555 1565 2576 1n
1590 2542 1698 2587 longa

144 2587 202 2619 xia
228 2590 264 2620 et
288 2587 408 2630 pubis
435 2591 470 2622 et
495 2588 615 2622 lutum
639 2593 674 2622 et
699 2588 832 2632 pluxia.

243 2658 298 2691 11.
324 2657 398 2692 Hic
430 2670 556 2692 xersus
591 2659 750 2692 omnium
784 2659 940 2692 maxime
965 2670 1125 2693 uror-mn
1149 2660 1295 2704 inge-nia
1321 2661 1492 2694 exercuit.
1536 2659 1698 2703 Spenge-

144 2703 214 2737 lius
247 2704 410 2747 quidem,
443 2706 503 2748 qui
535 2706 580 2740 ab
612 2705 647 2740 R.
679 2705 804 2740 codice
831 2706 972 2739 aberat.
1008 2718 1091 2739 eum
1123 2707 1162 2740 in
1197 2707 1363 2751 margine
1399 2707 1487 2740 olim
1521 2706 1698 2749 scriptum

143 2749 255 2784 fuisse
289 2752 491 2795 suspicatus
518 2756 583 2786 est.
620 2753 715 2786 unde
741 2740 975 2786 libiarioruni
1001 2753 1108 2786 alteri
1132 2753 1178 2797 (F
1181 2761 1196 2798 )
1232 2766 1314 2788 cum
1341 2754 1386 2787 ab
1413 2754 1465 2787 eis
1451 2753 1551 2787 dem
1577 2752 1698 2787 xerbis

1422 2812 1486 2846 11*
