1967 3090
753 122 1074 166 —251—

229 250 264 282 p.
293 239 348 274 30.
374 238 475 273 Mon.
502 237 669 272 XXXII.
700 240 728 272 1.

229 286 284 321 76.
311 285 528 320 Iracundiae
554 285 753 319 infelicitas
779 285 1000 329 geminatur.

228 344 262 376 p.
291 333 345 368 41.
373 332 456 367 Par.
483 333 537 366 54.
573 331 722 371 .Mali1n
765 331 1031 365 iracundia.
1076 334 1115 364 ut
1141 331 1278 372 legitur
1305 330 1400 374 apud
1427 330 1486 366 W.
1515 330 1557 366 B.
1586 329 1690 365 Socr.

134 391 264 423 quamq
270 390 352 413 uam
370 380 429 413 hic
452 379 513 413 alii
532 379 713 413 scribunt:
742 378 930 413 iracundia
948 377 1203 411 infelicitatem
1222 378 1408 419 geminat·
1413 377 1529 413 ⁴W0.
1551 377 1692 422 Haupt

134 425 231 460 Phil
259 425 501 470 111.p.371.
529 438 561 461 v.
588 427 651 461 52:
678 425 1023 460 Incommoditatem
1050 425 1212 468 geminat
1239 424 1438 459 iracundia.

229 474 284 508 77.
312 473 384 517 Du}
383 473 531 507 dicatur
557 473 672 507 dolor.
700 484 781 507 cuni
808 472 854 506 ab
881 483 934 511 eo
963 483 982 505 a
1009 482 1078 514 quo
1105 482 1179 505 non
1205 472 1390 505 merueris.
1418 473 1527 506 xenit.

228 532 262 564 p.
291 521 346 555 30.
373 486 471 555 lMon.
500 519 667 554 XXXII.
694 520 725 554 ,3.

229 568 283 602 78.
311 567 365 602 De
392 568 525 601 timore
551 566 781 610 Deinogenes
808 566 917 599 dixit:
958 564 1049 599 Cum
1075 564 1214 598 timidis
1250 566 1360 598 etiam
1386 566 1524 600 somnia
1550 565 1689 599 bellum

161 625 272 649 erere.

133 626 159 660 g
228 673 263 705 p.
292 661 346 695 21.
381 660 481 695 Mon.
508 660 618 695 VIII.
658 661 685 695 1.
719 659 771 695 Cf.
808 659 910 694 Sent.
944 659 1035 693 falso
1070 660 1167 693 inter
1200 658 1307 694 Publ.
1343 666 1479 702 recept.
1523 659 1595 694 125.
1634 657 1691 692 De

137 707 360 752 Deniogenis
392 708 537 742 nomine
573 707 718 741 dubitat
743 706 992 742 XVoelfflinus.
1020 705 1080 740 Ri.
1106 718 1138 740 V.
1167 706 1251 741 225:
1278 706 1422 740 Bellum
1448 710 1581 750 gerunt
1607 717 1690 740 cum

131 755 270 790 timidis
296 756 406 789 etiam
429 755 624 789 insomnia.

228 803 283 837 79.
311 801 349 836 Si
377 802 474 835 enim
501 801 670 835 fortunae
696 801 838 834 aimei-is
865 800 1061 835 licentiam.
1089 800 1222 834 minuis
1241 800 1408 845 gloriam.

226 861 260 893 p.
289 849 343 884 23.
376 848 474 884 Mon.
501 847 613 883 XIII.
642 849 673 883 -3,
700 847 781 887 „w
809 847 851 883 B.
880 847 1007 883 Socr.··
1035 847 1116 881 wo.
1142 847 1282 891 Haupt.
1310 846 1405 881 Phil.
1435 845 1509 880 III.
1544 858 1578 890 p.
1613 846 1692 881 376.

131 908 164 932 v.
192 896 254 931 16:
283 895 322 930 Si
347 894 531 930 Fortunae
556 906 667 939 auges
692 895 888 929 licentiam.
916 895 1107 928 hominum
1132 895 1264 928 minuis
1292 894 1462 939 gloriam.

226 944 282 978 8⁴).
309 942 479 976 Graviter
504 943 684 983 irascitur,
712 942 774 985 qui
800 941 897 985 quod
923 942 1025 976 dolet
1052 942 1120 976 deo
1147 941 1388 976 commendat.

226 1001 260 1034 p.
288 990 343 1025 42.
371 989 454 1024 Par.
482 990 535 1024 64.
577 988 658 1028 ..w
686 988 727 1024 Β.
756 988 881 1023 Socr.³¹
908 988 991 1024 Wo.
1027 987 1127 1024 Sent.
1161 988 1254 1022 falso
1288 989 1384 1022 inter
1409 987 1515 1022 Publ.
1550 993 1687 1031 recept.

134 1037 212 1072 129.
239 1036 378 1081 Haupt.
405 1035 498 1072 Phil.
526 1035 598 1071 ΙΙΙ.
626 1048 661 1080 p.
688 1036 766 1070 377.
795 1048 826 1071 V.
855 1036 919 1071 36:
947 1035 1080 1070 Gravis
1107 1036 1199 1069 ultio
1227 1040 1293 1076 est,
1321 1036 1382 1079 qui
1409 1035 1478 1069 diis
1507 1045 1687 1069 commen-

132 1084 196 1119 dat
222 1084 317 1128 quod
348 1083 460 1119 dolet.

227 1133 283 1166 81.
311 1131 396 1164 Bias
422 1130 599 1165 Prieneus
618 1131 722 1164 dixit
750 1130 944 1165 Molestius
971 1141 1049 1164 esse
1075 1130 1172 1164 inter
1190 1129 1281 1164 duos
1299 1130 1445 1164 amicos.
1474 1141 1580 1173 quam
1599 1129 1691 1163 duos

131 1178 299 1212 inimicos
325 1178 498 1212 iudicare.

225 1237 260 1269 p.
291 1225 345 1259 3.(1.
372 1224 457 1258 Pari
483 1223 816 1268 ²3.Diog.Laert.
844 1223 875 1258 Ι.
903 1225 933 1264 -3,
962 1221 1148 1266 87.1]'¹t5t01
1173 1222 1268 1267 έλεΙε
1297 1224 1379 1263 (int.
1408 1222 1510 1259 Bias)
1536 1222 1691 1263 ὃικαζειν

133 1283 246 1330 {nerag
251 1287 267 1304 ι·
301 1271 445 1316 ἐγθοῑῦν
472 1286 489 1304 r
517 1270 652 1316 qil—,00¹1
687 1284 762 1303 τοι
790 1273 853 1304 ιιὲι
879 1271 946 1315 γὰο
972 1270 1089 1315 φιλων
1124 1272 1269 1306 πάντως
1293 1271 1428 1314 ἐχθρὸν
1453 1270 1599 1303 ἔσεσθαι
1624 1269 1691 1303 τὸν

129 1321 263 1363 ἕτεοον,
290 1320 365 1351 τῶν
391 1316 425 1351 δὲ
453 1319 597 1362 323001
623 1318 688 1351 τὸι
715 1326 838 1351 ἐτεοοι
865 1317 981 1362 φίλιοι
1020 1317 1120 1353 Sent.
1155 1317 1248 1352 falSO
1281 1318 1378 1352 inter
1411 1316 1689 1361 Publ.1·eeept.

135 1366 213 1401 130.
239 1365 298 1401 Ri.
325 1378 357 1401 V.
391 1366 470 1400 171:
498 1366 648 1400 Amicos
674 1366 772 1399 intel
797 1365 934 1399 iudices
960 1365 1160 1401 molestius.

227 1412 284 1448 82.
319 1411 594 1456 Epaminondas
629 1413 784 1453 cuidam,
812 1424 893 1446 cum
919 1413 951 1446 ei
978 1413 1128 1453 diceret.
1156 1412 1304 1457 ignosce
1331 1412 1431 1449 mihi.
1458 1410 1555 1455 quod
1582 1422 1688 1445 ausus

131 1470 212 1494 sum
237 1463 275 1493 te
299 1459 408 1493 homo
434 1471 547 1494 novus
574 1464 707 1504 petere,
743 1459 870 1499 Nemo.
906 1460 1034 1503 inquit,
1068 1459 1176 1494 homo
1202 1471 1317 1494 novus
1344 1462 1399 1493 est
1423 1458 1573 1492 homini.
1611 1469 1691 1492 cum

131 1510 264 1541 natura
290 1507 564 1541 commendatus
592 1510 656 1541 est.

228 1566 262 1598 p.
291 1556 346 1589 31.
373 1553 472 1589 Mon.
500 1553 705 1589 XXXVII.

228 1602 283 1636 83.
311 1600 394 1635 Hoc
421 1600 562 1641 exhibe,
590 1601 688 1644 quod
714 1601 783 1634 tibi
809 1602 993 1645 optaveris
1019 1601 1193 1635 exhiberi.

229 1659 263 1692 p.
295 1648 347 1682 19.
376 1647 476 1682 Mon.
503 1647 533 1682 Ι.
562 1648 616 1682 ·21.
645 1660 678 1692 p.
707 1648 762 1683 42.
788 1647 871 1682 Par.
901 1648 955 1683 73.

227 1695 360 1729 Amico
387 1706 428 1728 ea
455 1695 626 1729 exhibere
652 1695 767 1735 decet,
795 1707 887 1738 quae
912 1695 978 1729 tibi
1005 1695 1106 1729 velis.

228 1753 262 1786 p.
291 1742 346 1776 25.
373 1741 472 1776 Mon.
500 1741 586 1776 XV.
617 1742 668 1777 18.
697 1741 767 1782 .,V.
786 1741 829 1778 B.
850 1754 900 1786 sp.
921 1742 954 1777 d.
982 1743 1012 1783 5.
1045 1744 1074 1776 1.
1101 1746 1136 1776 et
1154 1741 1213 1777 W.
1232 1742 1274 1777 B.
1295 1741 1421 1778 Socr.·⁴
1448 1742 1531 1778 Wo.
1550 1742 1691 1787 Haupt.

139 1788 236 1823 Phil.
262 1788 336 1824 III.
362 1801 397 1833 p.
426 1789 503 1824 376.
531 1801 564 1824 v,
594 1789 653 1823 12:
681 1788 764 1823 Hoc
791 1789 923 1824 exhibe
950 1789 1048 1833 quod
1073 1789 1141 1823 tibi
1166 1789 1221 1822 vis
1248 1789 1462 1823 exhiberier.

236 1836 291 1870 84.
319 1835 488 1870 Socrates
516 1836 625 1870 dixit:
653 1836 776 1870 Alteri
802 1848 909 1880 saepe
934 1837 1125 1880 ignoscito,
1153 1836 1221 1870 tibi
1247 1848 1442 1880 nunquam.

230 1894 264 1926 p.
297 1883 348 1918 18.
383 1882 482 1917 Mon.
509 1882 540 1917 Ι.
568 1884 600 1919 4.
634 1883 680 1917 In
707 1882 855 1917 Catonis
891 1884 1082 1918 sententiis
1109 1895 1127 1918 e
1162 1883 1241 1918 cod.
1267 1882 1352 1917 Par.
1378 1884 1441 1917 lat.
1468 1884 1570 1919 4841.
1599 1895 1691 1919 saec.

134 1928 183 1965 X.
211 1930 404 1974 descriptis
437 1935 602 1964 recenset
627 1930 862 1964 Woelfflinus
895 1930 989 1964 Phil.
1022 1930 1090 1964 IX.
1124 1942 1159 1974 p.
1187 1931 1266 1966 681.
1294 1942 1326 1966 v,
1353 1930 1384 1965 «δ’.
1423 1930 1527 1965 Idem
1553 1931 1693 1965 dictum

138 1976 289 2010 Catonis
327 1977 418 2011 Csen
404 1977 491 2011 sorii
525 1977 636 2011 fuisse
667 1977 781 2011 tradit
807 1977 906 2011 Plut.
932 1978 996 2011 vit.
1023 1977 1100 2013 Cat.
1127 1977 1214 2012 Mai.
1242 1978 1273 2013 ὃ.
1312 1979 1527 2022 οιΙΙιώιιηνι
1553 1979 1615 2022 ἔᾳι
1644 1976 1692 2011 δι-

137 2021 202 2057 δόπ
198 2037 238 2056 αι
268 2025 353 2056 πᾶσι
378 2033 452 2058 τοῖς
477 2038 685 2068 mmo-calm
689 2037 720 2056 οι
747 2023 840 2066 rtljjv
866 2023 976 2057 aim?-
1031 2036 1051 2058 a
1077 2025 1176 2059 Cuius
1203 2025 1364 2058 moribus
1391 2025 1574 2069 discrepat
1601 2025 1693 2059 Cato

124 2069 320 2109 Uticensis.
353 2071 463 2104 homo
498 2072 609 2106 etiam
647 2071 816 2105 severior.
852 2082 935 2105 cum
969 2051 1066 2105 dicat
1106 2071 1203 2115 apud
1242 2071 1329 2105 Sall.
1358 2071 1436 2107 (at.
1465 2073 1519 2106 52.
1548 2073 1584 2107 8:
1630 2073 1692 2116 qui

132 2117 227 2151 mihi
256 2123 363 2161 atque
391 2118 510 2151 animo
537 2129 618 2151 meo
645 2118 779 2151 nullius
805 2129 964 2161 unquam
993 2118 1120 2152 delicti
1126 2119 1294 2163 ‘gratiam
1320 2118 1496 2158 fecissem.
1523 2119 1622 2153 haud
1639 2119 1691 2153 fa-

131 2164 202 2198 cile
232 2164 380 2198 alterius
407 2164 553 2198 libidini
585 2164 777 2199 malefacta
803 2165 1065 2201 condonabam.
1106 2165 1291 2209 Semper
1324 2177 1391 2209 pro
1427 2177 1564 2210 saepe
1591 2167 1692 2200 inve-

131 2211 233 2245 nitur
266 2211 364 2255 apud
389 2211 634 2247 Pseudo-Seu.
671 2212 715 2246 de
740 2223 830 2247 mor.
860 2213 936 2247 111.
971 2212 1111 2256 Haupt.
1144 2211 1240 2248 Phil.
1273 2212 1346 2248 ΙΙΙ.
1382 2224 1416 2256 p.
1453 2213 1530 2248 3723.
1566 2225 1598 2247 v.
1627 2213 1689 2248 56:

133 2257 325 2303 Ignoscito
353 2269 459 2302 saepe
486 2259 602 2293 alteri.
629 2270 814 2302 nunquam
831 2259 910 2295 tibi.

227 2305 282 2341 85.
311 2304 428 2339 Verbi
454 2317 527 2339 non
553 2306 690 2350 proditi
717 2307 885 2340 immanis
910 2317 1088 2342 mensura.

226 2363 262 2396 p.
289 2352 345 2388 ⁴27.
371 2352 471 2388 Mon.
498 2352 647 2388 XXIII.
676 2354 706 2388 ’2.

223 2399 281 2434 86.
308 2399 415 2439 Eum
443 2401 505 2443 qui
529 2401 637 2434 nimis
665 2400 844 2445 astringat
870 2400 1073 2444 imperium.
1101 2401 1208 2434 nimis
1236 2401 1386 2435 solvere.

221 2457 256 2490 p.
284 2447 339 2481 32.
375 2426 476 2480 Μόη.
512 2446 696 2481 XXXIX.
737 2448 767 2481 2.
808 2446 862 2480 Cf.
897 2446 997 2481 Sent.
1031 2447 1123 2482 falso
1156 2448 1254 2481 inter
1284 2447 1392 2483 Publ.
1430 2454 1567 2492 recept.
1608 2448 1686 2483 342.

127 2491 280 2526 Minus
319 2494 557 2539 astringat
597 2495 742 2544 scripsit
777 2493 994 2538 Spengelius
1034 2495 1325 2539 sententiamque
1362 2494 1409 2529 ad
1441 2494 1547 2530 Publ.
1584 2494 1608 2529 S
1646 2495 1688 2530 16

127 2540 232 2584 (599)
257 2540 394 2575 retulit.
423 2540 477 2574 Cf.
505 2541 620 2585 praef.
647 2553 681 2585 p.
709 2541 740 2576 8.

222 2586 276 2622 87.
306 2586 418 2622 Solon
444 2553 548 2622 dixipt.
575 2588 795 2622 Comitium
820 2588 1015 2632 coagulum
1031 2588 1212 2623 amicitiae
1239 2599 1316 2623 esse
1342 2599 1424 2622 cum
1450 2588 1574 2624 bonis:
1603 2600 1686 2624 con—

126 2633 263 2667 vivium
289 2645 370 2668 cum
395 2635 501 2668 malis
527 2646 732 2670 commum
759 2635 802 2678 (.)
828 2635 1094 2678 imputandum.

222 2692 256 2724 p.
283 2681 337 2716 39.
366 2680 446 2717 Par.
475 2682 530 2716 24.

222 2727 277 2762 88.
305 2727 350 2761 In
378 2739 484 2771 quem
508 2729 590 2773 plus
616 2733 719 2772 potes
745 2739 908 2772 peccare.
