1967 3090
769 206 825 212 —
890 184 969 224 1:51
1034 205 1090 210 —-

155 312 212 335 me
238 301 361 344 legere
386 300 543 334 memini.
595 298 687 333 Nam
714 309 820 342 quem
847 296 1133 332 Feldbauschius
1161 294 1303 340 (Gram.
1323 295 1383 328 lat.
1413 296 1443 339 ς’.
1463 293 1543 328 430.
1568 295 1643 327 not.
1662 291 1713 335 8.)

155 349 274 382 10011111
300 348 450 391 repetiit
476 358 517 380 ex
546 346 650 380 Verr.
679 344 750 380 III.
779 346 833 380 24.
861 344 981 377 nullus
1009 344 1190 377 inimicior
1216 346 1275 375 aut
1303 341 1470 375 infestior
1488 339 1568 381 fuit,
1596 350 1637 373 00
1665 339 1711 373 de

155 396 363 429 coniectura
382 393 623 428 Hottomanni
642 397 678 427 et
695 392 850 426 Manutii
870 394 969 425 recte
986 390 1177 424 Ernestius
1203 389 1349 432 scripsit
1375 387 1537 422 nullis.
1588 385 1714 430 Neque

155 443 265 476 alium
292 453 506 485 quemquam
525 452 646 475 earum
673 440 871 473 formarum
897 450 1001 472 usum
1027 436 1335 471 demonstravisse
1360 435 1477 469 video.
1528 433 1715 467 Nullum

156 490 251 533 apud
279 489 360 524 Seu.
389 489 433 522 de
460 488 564 523 clem.
592 486 621 522 Ι.
649 489 679 527 3,
708 488 739 521 3.
758 498 830 519 11011
851 497 918 529 pro
943 485 1165 518 neminem
1192 488 1258 517 est.
1278 482 1341 516 sed
1359 489 1421 516 aut
1439 481 1620 515 adendum
1645 481 1714 514 ho-

155 538 330 571 minem.
368 540 405 568 ut
433 536 529 579 apud
555 534 675 569 Plaut.
702 533 888 577 Amphitr.
916 531 946 566 I.
976 533 1005 569 1.
1036 532 1123 571 137..
1150 534 1213 564 aut
1239 533 1367 563 contra
1392 529 1613 563 severiorem
1640 539 1713 562 ser-

155 585 271 617 monis
299 583 403 617 latini
431 583 550 624 legem
577 582 753 624 scriptum
779 583 844 615 est.
895 579 1035 613 Eadem
1061 579 1105 612 de
1131 589 1239 612 causa
1265 576 1362 620 apud
1387 575 1494 611 Publ.
1519 575 1539 609 I
1566 577 1585 606 Γ)
1612 575 1714 619 (234)

155 632 264 665 etiam
289 633 517 674 repugnante
536 628 673 663 Seneca
700 628 747 660 in
772 627 903 660 nullo
923 625 1154 661 scribendum
1172 624 1352 659 existimo.
1403 623 1599 656 Praeterea
1617 622 1715 666 apud

155 679 271 722 ipsum
303 676 505 710 Publilium
539 681 668 719 quater
701 674 844 708 dativus
878 674 1002 708 nulli
1036 672 1076 707 F.
1108 674 1149 707 18
1176 672 1292 715 (183).
1320 670 1353 704 N
1381 670 1423 704 10
1460 671 1572 714 (305).
1610 669 1641 703 N
1670 670 1714 703 55

153 725 264 769 (4311).
284 723 317 767 Q
335 724 378 759 68
396 724 508 767 (565).
527 723 721 756 invenitur.
756 722 1017 755 Accusativum
1039 720 1215 754 nullum
1240 729 1308 762 pro
1325 717 1553 751 neminem
1580 719 1642 749 aut
1659 727 1715 749 ra-

154 772 337 806 rissimum
355 771 417 814 (cf.
436 769 548 805 Mart.
567 770 682 813 epigr.
698 767 787 804 VII.
807 770 862 810 42,
883 769 920 814 7)
931 772 993 802 aut
1011 768 1121 802 etiam
1138 766 1284 800 infimae
1301 764 1495 798 latinitatis
1515 774 1591 797 esse
1606 766 1715 797 testa-

153 823 213 853 tur
229 819 289 854 Jo.
306 817 448 853 Saresb.
467 816 601 852 Policr.
620 815 692 850 ΙΙΙ.
708 816 758 857 14,
778 816 833 851 43.
849 828 931 850 cuni
946 815 1089 850 scribit:
1106 817 1146 848 ut
1155 812 1322 847 omnibus
1334 811 1507 856 prodesse
1523 810 1655 844 nullu
1665 822 1715 843 ni-

155 877 237 910 que
262 866 390 910 punire
425 865 622 900 studuerit,
655 863 712 898 vel
749 862 995 897 Pseudo-Sen.
1027 863 1071 896 de
1107 860 1242 895 remed.
1274 860 1357 894 fort.
1385 858 1431 893 X.
1459 859 1510 893 ἃς
1538 857 1715 891 nullum

156 914 320 958 despicit,
347 912 527 946 nullum
553 912 727 951 destituit,
757 911 937 944 nullum
962 909 1058 943 fallit
1083 909 1143 951 (cf.
1163 908 1246 943 Sen.
1273 907 1402 952 fragm.
1422 906 1477 941 ed.
1497 904 1556 940 Fr.
1583 904 1715 938 Haasii

154 961 224 996 vol.
251 959 324 994 ΙΙΙ.
351 972 386 1004 p.
413 960 509 1002 452).
560 958 662 1002 Quae
679 969 761 992 cum
786 958 838 991 ita
864 958 947 998 sint,
976 960 1038 990 aut
1062 956 1187 990 nolle
1213 955 1392 988 fallere
1419 956 1481 987 aut
1498 952 1624 986 nulli
1649 951 1714 985 im-

155 1019 302 1052 poner
316 1019 334 1042 e
359 1006 591 1041 scribendum
616 1006 769 1040 videtur.
804 1004 990 1048 Frequens
1009 1008 1064 1038 est
1082 1003 1179 1048 apud
1196 1001 1397 1036 Publilium
1415 1012 1499 1033 usus
1518 999 1714 1034 verborum

154 1055 284 1089 velle
311 1057 348 1088 et
372 1054 508 1093 110110,
537 1053 666 1097 quibus
694 1064 766 1087 non
790 1053 871 1096 ipsa
896 1052 1076 1092 voluntas,
1104 1050 1169 1084 sed
1186 1053 1327 1084 certum
1352 1060 1394 1082 ac
1413 1052 1584 1082 constans
1603 1046 1716 1079 animi

155 1103 347 1137 consilium
373 1100 610 1147 significetur.
639 1100 694 1135 Cf.
721 1100 826 1134 Publ.
847 1099 880 1144 Q
905 1100 949 1134 32
975 1099 1089 1144 (53¹2).
1116 1097 1151 1132 R
1176 1098 1196 1132 9
1224 1097 1340 1141 (577).
1368 1095 1393 1130 S
1419 1096 1464 1129 20
1480 1095 1592 1139 (603).
1619 1092 1645 1127 S
1671 1093 1715 1127 28

155 1150 275 1194 (611).
303 1149 328 1183 S
354 1149 398 1183 ⁴29
425 1149 537 1193 (612).
587 1147 664 1182 Nec
690 1148 808 1181 minus
836 1158 943 1191 saepe
976 1147 1021 1180 iis
1046 1146 1161 1179 utitur
1187 1147 1249 1178 aut
1275 1143 1414 1178 Seneca
1438 1142 1500 1181 (cf.
1528 1141 1574 1175 ad
1600 1140 1714 1175 Marc.

155 1197 199 1231 de
225 1197 362 1231 consol.
388 1195 462 1231 ΙΙΙ.
489 1196 521 1230 3.
548 1195 593 1228 de
619 1194 738 1230 benef.
765 1194 816 1230 Π.
846 1194 899 1236 18,
930 1194 961 1229 7.
988 1192 1061 1228 ΠΙ.
1089 1194 1143 1233 25,
1174 1194 1204 1226 1.
1230 1190 1299 1226 IV.
1325 1191 1381 1231 40,
1412 1190 1444 1224 2.
1471 1192 1546 1223 nat.
1575 1191 1714 1231 quaest.

153 1243 222 1280 IV.
248 1244 362 1288 praef.
396 1244 427 1278 6.
461 1254 516 1286 ep.
542 1242 627 1276 XV.
663 1243 683 1276 3
717 1242 794 1281 (95)
825 1242 887 1286 49)
918 1243 980 1275 aut
1005 1240 1254 1285 Quintilianus
1285 1238 1348 1283 (cf.
1374 1237 1474 1272 Just.
1501 1236 1569 1269 IX.
1597 1236 1628 1275 2,
1658 1236 1714 1270 72.

155 1291 208 1326 ῖ6.
235 1290 304 1326 ΧΙ.
334 1292 362 1331 1,
391 1291 445 1325 65.
472 1289 562 1324 XII.
592 1291 621 1330 1,
649 1290 720 1333 36).
770 1288 962 1323 Possemus
996 1288 1056 1322 1110
1089 1287 1296 1327 subsistere,
1332 1285 1402 1318 nisi
1437 1283 1568 1318 senarii
1597 1283 1715 1316 exitus

155 1343 310 1383 cogeret,
336 1342 377 1372 ut
400 1349 516 1382 pauca
541 1336 586 1370 de
611 1337 760 1380 quintae
786 1336 882 1370 sedis
914 1335 1034 1369 iambo
1069 1334 1250 1368 adderem.
1302 1332 1457 1366 Constat
1489 1331 1586 1365 enim
1619 1330 1716 1363 inter

155 1397 280 1419 omnes
315 1385 473 1419 iambum
506 1395 576 1417 uno
610 1383 723 1418 verbo
758 1383 969 1417 conclusum
1002 1383 1039 1416 in
1072 1381 1141 1415 hoc
1177 1380 1403 1414 senariorum
1436 1389 1570 1423 genere
1601 1388 1669 1411 nec
1695 1388 1716 1410 a

155 1432 316 1467 Publilio
344 1444 410 1466 nec
435 1443 455 1466 a
480 1431 648 1465 Phaedro
675 1442 717 1465 eo
743 1431 824 1464 loco
852 1430 1018 1473 usurpari
1045 1429 1163 1463 solere
1188 1439 1255 1461 nec
1290 1430 1414 1461 tamen
1441 1425 1532 1459 adeo
1559 1424 1715 1458 devitari

160 1480 320 1513 iambum
347 1480 418 1513 alio
444 1479 553 1512 modo
580 1478 759 1517 effectum,
787 1477 1004 1522 praesertim
1030 1488 1110 1509 cum
1136 1478 1198 1509 aut
1223 1473 1403 1508 diiambus
1430 1476 1492 1506 aut
1519 1483 1635 1516 paeon
1661 1482 1713 1505 se-

156 1527 293 1561 cundus
314 1530 375 1560 aut
402 1527 547 1571 longior
573 1526 683 1559 etiam
705 1536 768 1569 pes
787 1528 988 1559 extremam
1014 1523 1148 1557 senarii
1173 1526 1317 1566 partem
1344 1520 1513 1564 complet.
1562 1518 1713 1552 Publilii

155 1577 275 1608 autem
302 1585 440 1614 versus,
468 1574 529 1617 qui
554 1573 625 1606 huc
650 1572 845 1616 pertinent,
878 1583 959 1605 011111
984 1571 1056 1614 ipsi
1080 1572 1222 1604 tantinn
1248 1568 1517 1603 dubitationum
1542 1566 1711 1606 habeant,

155 1624 195 1655 ut
226 1621 287 1654 vix
320 1632 391 1655 uno
426 1632 533 1654 versu
566 1618 817 1659 Woelfflinus,
854 1618 1096 1656 Ribbeckius,
1138 1616 1356 1661 Spengelius
1388 1614 1632 1649 consentiant:
1672 1623 1715 1646 ex

156 1668 325 1702 Phaedro
351 1671 493 1702 tantum
518 1666 685 1710 exempla
712 1677 852 1700 sumere
878 1666 974 1706 licet,
1002 1666 1039 1698 in
1065 1664 1195 1709 quibus
1213 1675 1278 1708 pes
1295 1662 1436 1696 iambus
1455 1662 1601 1705 quintae
1620 1660 1715 1694 sedis

156 1716 463 1760 deprehendatur.
514 1713 607 1748 Sunt
632 1716 754 1748 autem
779 1713 837 1748 hi:
864 1712 894 1746 I.
925 1713 977 1753 12,
1008 1713 1061 1746 12.
1081 1712 1238 1746 edidisse
1256 1710 1400 1744 dicitur.
1427 1708 1457 1744 Ι.
1488 1708 1539 1748 16,
1568 1708 1599 1743 2.
1626 1707 1714 1741 dare

156 1763 307 1807 expetit.
334 1762 364 1798 Ι.
393 1764 446 1802 10,
474 1763 506 1797 3.
533 1764 700 1807 rogasset
732 1761 895 1794 alteram.
928 1760 958 1794 l.
988 1760 1040 1800 19,
1074 1759 1107 1794 8.
1142 1758 1308 1803 flagitare
1340 1756 1508 1790 validius.
1540 1754 1571 1790 Ι.
1598 1755 1655 1792 29,
1682 1754 1713 1788 6.

156 1809 229 1844 ΙΙΙ.
260 1811 311 1851 10,
349 1810 402 1850 19.
439 1810 494 1845 39.
521 1808 590 1844 IV.
618 1810 649 1849 6,
684 1808 716 1843 7.
744 1808 797 1848 18,
831 1808 862 1843 3.
892 1806 937 1841 V.
964 1807 995 1848 3,
1033 1807 1067 1842 8.
1116 1805 1194 1840 Nec
1227 1816 1313 1839 vero
1347 1804 1432 1837 111110
1466 1803 1575 1837 etiam
1609 1802 1714 1835 huius

156 1869 280 1891 versus
307 1858 383 1891 sive
407 1857 550 1891 veniam
577 1856 653 1890 sive
677 1856 811 1889 iustam
837 1854 1085 1889 defensionem
1119 1854 1314 1897 capiamus,
1351 1851 1414 1885 sed
1448 1851 1565 1894 magis
1592 1861 1633 1883 eo
1660 1849 1713 1882 in-

157 1904 270 1939 clinat
288 1905 439 1945 animus,
453 1908 494 1938 ut
506 1903 566 1938 hic
583 1903 670 1936 olim
684 1903 836 1937 verbum
845 1903 979 1936 lectum
992 1901 1104 1935 fuisse
1114 1900 1271 1940 credam,
1291 1911 1337 1933 ex
1350 1911 1420 1942 quo
1434 1898 1500 1931 illa
1509 1896 1718 1940 corruptela

158 1952 291 1985 cooriri
317 1955 452 1996 posset.
503 1950 609 1994 Quod
634 1962 708 1984 non
734 1949 861 1983 dubito
879 1949 965 1993 quin
997 1948 1108 1983 fuerit
1133 1948 1385 1991 imponere.
1456 1944 1715 1988 Imponere,

156 1999 308 2033 verbum
317 1999 382 2032 illa
392 2001 520 2039 aetate,
532 2002 572 2032 ut
589 1998 743 2038 videtur,
759 1997 902 2041 vulgari
921 2000 1091 2040 coeptum
1106 1994 1289 2039 significat
1299 1993 1406 2034 idem,
1425 1992 1521 2036 quod
1535 1990 1715 2031 fallere,

158 2049 196 2080 et
227 2058 309 2080 cum
334 2046 458 2079 dativo
486 2045 728 2089 coniungitur.
779 2043 832 2079 Cf.
860 2044 934 2077 Cic.
960 2055 1015 2087 ep.
1043 2043 1090 2076 ad
1107 2041 1150 2085 Q.
1169 2041 1228 2076 Fr.
1255 2040 1306 2075 ΙΙ.
1335 2042 1366 2075 5.
1395 2041 1446 2073 sic
1472 2039 1613 2083 legibus
1631 2049 1712 2082 per-

157 2093 406 2127 niciosissimis
425 2093 621 2133 obsistitur,
641 2092 796 2125 maxime
814 2090 980 2125 Catonis:
1000 2090 1057 2123 cui
1074 2093 1200 2123 tamen
1217 2088 1361 2134 egregie
1378 2088 1469 2131 imp
1480 2098 1500 2120 o
1512 2098 1559 2120 su
1570 2086 1607 2119 it
1624 2085 1716 2119 Milo

157 2143 293 2175 noster.
343 2140 466 2184 Quint.
494 2140 646 2174 declam.
678 2138 742 2174 VI.
770 2140 827 2173 22.
854 2137 987 2172 fefellit
1012 2137 1195 2181 ingenitus
1230 2135 1394 2170 honestis
1420 2133 1550 2168 animis
1577 2133 1717 2177 gloriae

158 2198 274 2221 amor:
304 2198 386 2231 spes
403 2187 471 2220 tibi
488 2190 686 2231 perpetuae
712 2186 829 2219 laudis
856 2184 1090 2228 imposuit.
1141 2183 1232 2227 Nep.
1258 2183 1363 2217 Eum.
1391 2181 1436 2217 V.
1464 2181 1495 2215 7.
1522 2179 1717 2224 praefectis

157 2235 339 2278 Antigoni
365 2235 606 2278 imposuit.
634 2232 731 2268 Petr.
751 2232 825 2267 Sat.
854 2232 932 2266 102.
951 2231 1036 2267 Tac.
1064 2229 1207 2264 Hist.1.
1235 2230 1290 2265 30.
1317 2229 1411 2263 Plin.
1431 2240 1486 2272 ep.
1513 2227 1585 2262 III.
1608 2226 1660 2261 15.
1688 2227 1718 2260 si

158 2281 266 2315 inodo
293 2281 383 2315 mihi
396 2293 469 2316 non
487 2282 544 2315 im
554 2281 713 2325 posuit
740 2279 909 2314 recitatio
929 2282 1002 2314 tua.
1054 2277 1138 2313 Sen.
1158 2289 1215 2322 ep.
1233 2276 1308 2311 HI.
1327 2277 1349 2310 4
1374 2277 1453 2321 (25⁷)
1481 2276 1512 2310 3.
1534 2275 1613 2308 aliis
1628 2274 1718 2307 haec

160 2328 380 2363 intermissio
408 2329 482 2363 eius
507 2328 746 2372 imposuit.
797 2326 848 2360 Cf.
869 2325 982 2370 praef.
1009 2338 1042 2370 p.
1074 2327 1126 2360 15.
1147 2325 1286 2359 Versus
1303 2324 1394 2358 haec
1420 2323 1491 2358 erit
1517 2321 1715 2356 sententia:

161 2375 284 2410 Bonus
310 2376 366 2409 vir
391 2387 472 2409 cum
496 2377 534 2409 in
559 2376 633 2409 vita
659 2386 733 2409 non
764 2373 946 2413 fefellerit,
981 2384 1027 2407 ne
1060 2373 1098 2407 in
1131 2374 1251 2406 morte
1285 2371 1432 2415 quidem
1465 2369 1595 2404 fallere
1631 2368 1718 2402 velit

162 2423 366 2457 hereditate
392 2434 610 2467 quemquam
635 2422 881 2456 fraudaturus.

257 2470 312 2505 42.
339 2468 537 2513 Proposuit
561 2469 747 2513 Meyerus:
799 2469 839 2502 B.
867 2480 895 2503 0.
922 2467 1063 2502 nullum
1080 2467 1239 2501 iudicem
1267 2465 1463 2499 verebitur.
1514 2463 1644 2497 Nescio
1672 2473 1718 2495 an

160 2516 273 2550 verba
299 2517 349 2551 sic
375 2517 576 2561 supplenda
606 2518 696 2551 sint:
747 2516 788 2551 B.
816 2526 845 2549 0.
873 2526 996 2549 casum
1024 2515 1166 2548 nullum
1184 2518 1342 2547 veretur.
1391 2511 1575 2545 Fortunae
1600 2510 1717 2543 vicem

160 2564 253 2597 dixit
285 2563 443 2599 Phaedr.
478 2564 549 2599 fab.
576 2564 622 2599 V.
663 2565 690 2604 1,
728 2564 759 2598 6.
810 2562 893 2597 Hoc
924 2562 1039 2607 igitur
1071 2562 1180 2595 docet
1213 2559 1393 2594 sententia
1423 2558 1581 2592 hominis
1614 2557 1717 2590 inno-

164 2611 281 2645 centis
307 2611 443 2645 bonam
469 2623 615 2645 causam
641 2622 729 2651 esse,
756 2610 809 2644 ita
834 2613 874 2643 ut
898 2621 966 2643 nec
991 2609 1152 2643 iudicum
1179 2608 1377 2642 sententias
1403 2617 1470 2639 nec
1495 2616 1617 2638 rerum
1641 2614 1717 2637 mo—

164 2662 288 2691 menta
312 2658 465 2692 mirifice
490 2659 693 2693 variantem
720 2668 824 2701 saepe
850 2657 1036 2690 fortunam
1052 2659 1231 2697 vereatur,
1259 2655 1325 2689 sed
1342 2653 1580 2697 quodcunque
1597 2651 1717 2691 fuerit,

161 2715 277 2749 aequo
304 2706 425 2739 animo
452 2708 648 2750 exspectet.
700 2705 755 2740 Cf.
782 2704 889 2739 Publ.
915 2703 947 2737 L
972 2703 994 2738 8
1020 2704 1133 2748 (299).
1159 2702 1199 2736 M
1224 2702 1246 2736 4
1274 2702 1386 2747 (312).

256 2751 283 2785 C
312 2754 342 2787 1.
370 2752 498 2793 ..Vitia
523 2753 729 2787 communia
755 2755 791 2785 et
809 2754 1007 2796 pervagata
1031 2750 1138 2791 ferre,
1165 2761 1240 2783 non
1264 2752 1393 2783 notare
1420 2747 1612 2781 solemus.‘·'
1663 2743 1716 2777 Si-

168 2798 275 2840 milis,
303 2800 367 2833 sed
386 2800 530 2834 diversa
546 2804 669 2834 tamen
687 2800 751 2833 illa
770 2798 949 2832 sententia
968 2800 1033 2839 est,
1060 2809 1169 2841 quam
1194 2797 1232 2830 in
1258 2808 1312 2840 ep.
1342 2796 1387 2829 ad
1405 2795 1559 2829 Laetam
1576 2790 1716 2826 CVIII.

1463 2854 1504 2887 9*
