1967 3090
840 163 887 167 -
956 141 980 181 7
1046 163 1093 167 .-

192 257 344 299 611111611
368 257 536 298 duarum
559 256 844 298 collectionum
867 269 1018 303 earum,
1053 269 1150 309 quas
1174 269 1293 310 supra
1316 256 1735 303 commemoravimus‚

190 322 365 363 Senecae
389 325 429 363 et
452 322 722 372 Frisingensis
756 321 840 362 sive
864 320 1088 369 Palatinae,
1123 321 1234 362 nulla
1266 322 1347 362 alia
1379 334 1421 362 re
1455 320 1736 374 explicandum

189 387 361 430 videtur,
397 387 475 427 nisi
508 386 613 439 quod
635 385 801 426 Publilii
835 386 1076 433 sententiae,
1111 397 1157 426 ex
1190 398 1265 438 quo
1299 386 1340 426 in
1373 398 1516 438 corpus
1548 385 1735 426 redactae

193 453 322 499 erant,
366 452 407 491 in
450 451 598 492 scholis
636 450 719 502 legi
762 452 803 490 et
841 450 1008 491 tractari
1051 452 1218 503 coeptae
1262 452 1367 492 sunt.
1432 449 1546 500 Quod
1578 448 1735 490 Woelf-

189 516 309 565 linus,
355 528 473 569 quem
505 515 551 555 de
585 513 754 555 Publilii
798 515 1014 555 sententiis
1048 514 1310 555 emendandis
1344 515 1508 567 egregie
1542 514 1735 555 meritum

193 593 279 622 6336
312 592 429 621 1161110
469 580 643 632 ignorat.
679 578 911 620 dubitanter
943 580 1078 632 posuit
1108 579 1289 632 potuisse
1323 579 1365 619 in
1397 579 1545 620 scholis
1568 578 1738 619 tractari

194 645 423 696 Publilium,
468 644 537 685 sed
580 643 737 685 ostendi
780 646 820 684 et
851 644 1012 697 probari
1054 643 1094 684 id
1137 657 1217 685 non
1248 656 1388 697 posse:
1432 643 1472 684 id
1505 644 1637 697 ipsum
1670 656 1737 683 ex-

189 710 337 763 cerptis
380 708 463 749 illis
496 708 796 750 Veronensibus
839 708 1068 749 declaratur
1110 710 1150 749 et
1187 708 1432 750 illustratur.
1507 708 1613 749 Nam
1646 721 1736 748 011111

191 773 400 826 discipulis
436 773 542 813 inter
584 773 662 814 alia
694 773 962 813 institutionis
995 773 1173 814 subsidia
1207 773 1433 814 sententias
1465 784 1620 825 quoque
1653 771 1737 812 edi-

188 838 354 879 scendas
387 837 502 878 datas
535 850 621 879 esse
663 850 743 879 non
774 837 1009 878 incredibile
1042 839 1109 882 sit.
1153 840 1241 878 tuni
1272 838 1548 891 Hieronymus
1581 836 1738 878 Strido-

188 903 338 951 nensis,
387 904 455 956 qui
502 904 644 956 quarto
693 903 910 956 quintoque
957 902 1116 944 saeculo
1166 904 1257 956 post
1301 902 1509 943 Christum
1552 901 1653 951 fuit,
1697 902 1739 942 111

189 967 360 1020 epistola
392 967 441 1008 ad
473 968 643 1009 Laetam
678 969 773 1011 101.
816 967 966 1020 legisse
1006 979 1047 1008 se
1081 967 1281 1020 quondam
1314 967 1354 1008 in
1388 967 1537 1008 scholis
1569 979 1739 1020 puerum

190 1032 295 1073 hunc
325 1045 490 1073 versum
522 1033 597 1073 ait:

470 1110 606 1163 Aegre
638 1109 868 1162 reprendas,
903 1109 1003 1162 quod
1038 1109 1146 1150 sinas
1178 1120 1451 1150 consuescere.

307 1185 437 1236 Quem
469 1197 629 1226 versum
661 1198 755 1226 cum
787 1198 927 1227 omnes
950 1184 1120 1226 Publilii
1154 1197 1240 1225 esse
1274 1185 1467 1238 suspicati
1499 1186 1635 1226 essent
1665 1198 1740 1226 nec

191 1252 328 1291 tamen
360 1250 401 1290 in
424 1250 475 1291 iis
498 1251 724 1299 sententiis,
759 1263 858 1303 quae
881 1263 975 1291 vere
992 1249 1248 1291 Publilianae
1269 1249 1535 1298 habebantur,
1559 1250 1738 1291 invenis-

191 1317 300 1356 sent:
325 1315 623 1367 Hieronymum
646 1314 771 1355 alium
794 1315 993 1368 quendam
1015 1314 1188 1355 voluisse
1222 1314 1364 1355 afferre
1388 1314 1555 1355 Publilii
1576 1328 1739 1356 versum

189 1380 230 1420 in
262 1380 411 1420 nostris
444 1378 560 1419 libris
592 1379 810 1433 paullisper
842 1381 1046 1420 mutatum
1079 1381 1119 1420 et
1158 1378 1363 1420 detortum
1387 1378 1415 1419 C
1442 1383 1462 1422 1
1489 1379 1586 1434 (ὅῦ)
1611 1379 1740 1420 credi-

191 1444 349 1485 derunt.
415 1443 541 1496 Atqui
574 1444 677 1484 hanc
708 1445 840 1497 ipsam
872 1445 1119 1485 sententiam
1152 1444 1201 1484 ab
1234 1443 1485 1497 Hieronymo
1519 1443 1739 1497 allegatam

191 1509 232 1549 in
264 1509 328 1557 iis,
374 1521 472 1561 quas
516 1512 702 1562 excerpta
735 1509 985 1550 Veronensia
1028 1509 1230 1556 exhibent,
1265 1509 1458 1562 scriptam
1490 1507 1740 1562 legi1nus.1·2)

190 1574 330 1626 Itaque
373 1572 411 1613 in
454 1573 601 1614 scholis
635 1586 726 1614 cum
758 1573 928 1614 Publilii
961 1574 1185 1614 sententias
1217 1574 1414 1614 tractatas
1447 1585 1535 1614 esse
1567 1575 1739 1621 constet,

189 1650 239 1678 ne
271 1637 372 1678 illud
405 1638 567 1691 quidem
589 1639 739 1678 mirum
767 1638 895 1679 videri
928 1637 1048 1679 debet
1081 1650 1218 1679 omnes
1251 1637 1420 1686 codices,
1455 1638 1523 1691 qui
1556 1638 1606 1679 ad
1638 1639 1740 1679 hanc

192 1704 370 1743 aetatem
399 1704 672 1755 pervenerunt
688 1703 942 1756 virorumque
966 1702 1176 1743 doctorum
1194 1702 1438 1743 industriam
1462 1704 1739 1752 exercuerunt,

188 1768 230 1808 in
262 1767 324 1807 his
356 1767 533 1807 maxime
557 1768 831 1816 Turicensem,
867 1768 953 1808 eius
985 1768 1044 1808 rei
1077 1769 1164 1808 tam
1197 1766 1402 1808 luculenta
1434 1766 1740 1822 documentaffl)

186 1832 392 1885 praebere,
435 1833 482 1872 ut
521 1832 589 1885 (1111
632 1831 790 1873 dubitet
832 1844 1039 1885 superesse
1081 1833 1224 1885 putem
1255 1831 1476 1872 neminem.
1539 1831 1627 1873 Nec
1658 1831 1741 1873 ulla

189 1909 310 1937 causa
351 1898 413 1936 est
454 1897 552 1949 quin
582 1897 805 1950 magistros
849 1897 916 1950 qui
947 1897 1019 1938 has
1053 1897 1275 1937 sententias
1308 1896 1515 1950 discipulis
1546 1896 1741 1950 legendas

189 1960 502 2014 ediscendasque
535 1961 765 2010 tradebant,
799 1961 872 2002 hos
905 1974 984 2003 non
1016 1961 1148 2003 30111111
1179 1961 1302 2002 verba
1333 1962 1481 2010 verbis,
1515 1963 1740 2003 structura-s

189 2026 418 2074 structuris,
461 2039 652 2067 numeros
695 2026 875 2067 numeris
906 2027 1066 2067 mutare
1099 2028 1219 2079 atque
1252 2026 1468 2075 invertere,
1513 2026 1583 2067 sed
1615 2027 1741 2068 etiam

189 2102 315 2130 novas
359 2089 540 2130 eiusdem
583 2092 654 2131 aut
696 2090 844 2131 similis
884 2092 956 2131 aut
1002 2091 1196 2132 contrarii
1240 2091 1475 2143 argumenti
1517 2091 1741 2132 sententias

188 2154 344 2207 fingere
386 2154 552 2195 iussisse
595 2155 820 2196 credamus.
883 2154 1025 2208 Neque
1057 2155 1158 2196 illud
1190 2155 1535 2208 praetereundum
1566 2155 1740 2207 videtur,

191 2218 297 2272 quod
329 2220 469 2272 postea
503 2219 659 2260 factum
691 2222 766 2267 est,
810 2221 856 2260 nt
887 2220 1071 2261 homines
1106 2220 1330 2261 Christiani
1361 2221 1640 2273 monachique,
1675 2221 1743 2274 qui

189 2285 232 2324 et
263 2283 495 2324 litterarum
527 2284 662 2325 studia
695 2284 779 2325 illis
812 2285 1062 2337 temporibus
1096 2284 1179 2326 fere
1213 2284 1288 2325 soli
1320 2285 1575 2337 arripuerant
1607 2286 1648 2326 et
1676 2298 1743 2327 co-

192 2347 349 2388 dicibus
397 2348 670 2389 describendis
712 2360 831 2402 saepe
876 2349 993 2389 inviti
1037 2361 1201 2402 operam
1244 2348 1417 2398 dabant,
1466 2349 1598 2391 inulta
1641 2363 1742 2403 quae

188 2424 395 2465 paganum
417 2414 488 2453 aut
508 2413 679 2466 impium
701 2413 854 2466 aliquid
885 2426 979 2466 prae
1013 2425 1055 2454 se
1088 2413 1254 2463 ferrent,
1289 2415 1360 2454 aut
1393 2413 1650 2456 immutanda
1673 2417 1743 2456 aut

192 2477 470 2526 rescindenda,
507 2477 638 2519 multa
671 2491 772 2532 quae
804 2479 902 2532 ipsis
933 2478 1244 2532 properantibus
1276 2476 1464 2531 longiora
1495 2479 1741 2529 viderentur,

313 2616 360 2661 ¹²)
395 2616 529 2660 Meyer.
562 2616 732 2661 Excerpt.
762 2617 897 2651 Veron.
929 2629 963 2661 p.
1000 2618 1054 2651 50.
1090 2618 1144 2657 53,
1183 2618 1234 2657 io,
1271 2618 1302 2652 4.
1365 2617 1564 2653 Woelfflin.
1598 2618 1741 2663 Proleg.

189 2675 224 2707 p.
252 2664 588 2791 JZ{iz‘jt'gfoelfl'lin
615 2710 708 2745 Phil.
736 2710 865 2746 XXII.
893 2724 926 2756 p.
955 2711 1033 2746 4:31.
1076 2711 1221 2755 Proleg.
1249 2724 1282 2755 p.
1310 2712 1366 2746 43.
1410 2711 1587 2747 Ribbeck.
1608 2712 1742 2746 Coroll.

190 2769 225 2800 p.
428 2785 434 2791 .
