1967 3090
782 203 827 206 -
894 178 973 220 121
1042 201 1094 205 -

159 296 344 330 statuitur.
395 295 544 329 Amoris
572 297 692 328 autem
726 293 806 326 finis
832 304 913 326 cum
939 293 1032 326 nulli
1058 295 1218 332 constet.
1253 291 1317 325 scd
1342 291 1431 325 nulli
1460 302 1531 323 non
1558 290 1717 323 incertus

156 344 213 379 sit.
242 343 351 376 tinem
378 343 499 376 facere
526 352 598 375 non
625 341 758 375 amoris
785 343 847 373 aut
874 339 1102 383 cupiditatis.
1141 339 1205 372 sed
1239 343 1300 372 aut
1333 338 1447 372 amori
1483 342 1544 371 aut
1569 337 1717 371 amandi

157 390 227 425 dici
255 401 362 433 posse
388 390 568 424 existimo.
621 387 864 432 Quamobrem
885 386 1005 420 facere
1031 385 1140 420 finem
1166 387 1281 419 multo
1301 386 1444 429 saepius
1472 397 1553 418 cum
1581 384 1715 424 dativo,

156 449 264 481 quam
291 449 374 471 cum
400 437 570 481 genetivo
597 434 829 476 coniungitur
854 434 914 477 [εἰ.
949 432 1069 468 Plaut.
1096 433 1200 468 Asin.
1228 432 1301 467 III.
1329 434 1360 473 3,
1392 433 1443 467 15).
1471 431 1553 466 Ter.
1582 431 1715 466 Heant.

156 484 247 529 prol.
277 484 332 518 34.
360 483 433 519 Cic.
454 482 559 518 Verr.
579 482 630 517 II.
657 482 713 516 47.
732 480 804 516 III.
832 483 886 514 (32.
915 481 970 515 76.
991 479 1060 515 IV.
1080 480 1135 524 Ut
1163 480 1224 523 qui
1243 480 1431 522 genetivus
1458 491 1531 512 non
1550 479 1716 519 nominis,

156 531 220 566 sed
245 531 415 576 gerundii
440 541 519 564 esse
546 529 638 562 solet
662 528 724 568 (cf.
745 528 817 561 Cic.
846 539 912 571 pro
933 527 1029 562 Sect.
1057 527 1112 562 65.
1142 527 1188 560 ad
1214 527 1292 561 Att.
1312 526 1359 560 X.
1387 527 1419 560 7.
1439 527 1485 560 ad
1511 525 1609 560 Fam.
1627 525 1716 559 XII.

160 579 220 624 1.).
272 577 440 611 Nominis
467 577 657 621 genetivus
691 578 745 609 est
771 575 869 618 apud
903 574 1049 609 Luci-et.
1076 573 1149 608 III.
1185 574 1264 609 943.
1300 573 1448 608 Lachm.
1483 573 1579 607 vitae
1608 572 1717 606 finem

158 626 245 660 facis
274 628 382 667 atque
408 624 544 658 laboris
571 627 607 657 et
625 623 697 658 Cic.
726 622 772 656 ad
800 621 899 657 Fam.
919 621 1026 655 XVI.
1055 622 1108 656 ¹17.
1136 621 1227 666 inte
1254 621 1415 664 positum
1434 623 1488 654 est
1515 623 1553 653 ut
1568 623 1717 653 nostrae

157 671 415 706 sollicitudinis
441 670 551 704 finem
577 682 685 713 quam
710 670 869 713 primum
896 669 1017 703 facere
1043 668 1234 712 possimus.
1296 668 1459 710 Uterque
1495 678 1598 701 casus
1628 679 1717 700 con-

157 720 299 753 iunctus
326 718 422 761 apud
439 718 512 753 Cic.
541 717 647 752 Verr.
676 716 721 751 V.
749 717 810 751 Tti:
847 717 934 750 fecit
968 715 1076 750 finem
1108 716 1204 750 vitae
1239 718 1274 749 et
1308 714 1509 748 victoribus
1544 718 1580 747 et
1614 714 1718 747 victis

156 766 253 800 idem
279 765 366 799 dies.
395 764 496 808 Quae
540 765 569 798 si
600 776 685 798 vere
721 766 804 797 sunt
837 763 1033 807 disputata,
1070 765 1201 807 poetae
1235 765 1298 796 aut
1330 762 1475 795 amandi
1510 764 1571 794 aut
1604 761 1718 794 amori

156 813 275 847 facere
301 811 410 845 finem
444 812 640 846 dicendum
674 811 785 845 fuisse
820 810 1057 855 intellegitur.
1117 809 1173 844 De
1207 809 1387 844 sententia
1420 808 1503 842 vide
1538 807 1620 842 Seu.
1661 819 1716 851 ep.

154 859 262 895 XIX.
289 860 308 893 ἴ)
337 859 441 903 (114)
468 861 528 893 25ι
562 862 787 902 moeretque,
823 857 920 901 quod
946 869 1079 901 magna
1104 868 1189 901 pars
1225 867 1310 890 suae
1343 856 1530 890 felicitatis
1572 855 1719 889 exclusa

156 907 318 951 corporis
346 907 523 950 angustiis
550 909 677 940 cessat.

248 954 304 989 44.
332 952 412 997 Quo
438 954 517 996 quis
543 953 720 997 promtius
746 952 909 997 pericula
935 952 1030 993 adit,
1067 963 1110 986 eo
1143 951 1261 995 magis
1294 951 1469 984 virtutem
1495 953 1618 993 auget3
1647 961 1717 992 quo

154 1002 271 1046 magis
299 1000 572 1035 cunctabundus
607 1003 740 1041 cessat,
776 1012 817 1034 eo
850 1000 965 1044 magis
1004 999 1165 1033 animum
1200 999 1331 1032 timore
1358 1009 1377 1031 a
1404 997 1511 1031 rebus
1547 997 1717 1041 gerendis

155 1051 312 1083 revocat

248 1096 304 1130 45.
332 1095 404 1139 Qui
429 1095 580 1139 perditis
607 1098 643 1128 et
670 1094 816 1128 afflictis
843 1094 1050 1128 hominibus
1078 1093 1271 1127 subvenire
1291 1092 1422 1133 studet.
1450 1103 1510 1126 eos
1542 1103 1615 1125 non
1641 1094 1719 1125 tam

157 1143 303 1178 videtur
328 1143 452 1176 iuvare
479 1154 585 1186 quam
612 1142 801 1176 infamare.

251 1191 308 1225 46.
336 1190 494 1225 Versum
520 1189 607 1223 fecit
632 1189 801 1233 Meyerus
827 1189 912 1223 Act.
939 1187 1040 1223 Mon.
1068 1199 1102 1231 p.
1131 1187 1212 1222 547.
1238 1186 1351 1220 hunc:
1378 1186 1424 1222 A.
1452 1186 1476 1220 f.
1504 1187 1524 1220 i.
1554 1187 1576 1221 l.
1607 1187 1716 1220 inter-

156 1238 248 1271 itum
273 1249 346 1271 non
372 1237 492 1277 habet,
520 1237 614 1270 hunc
641 1237 678 1270 in
704 1236 808 1277 libro,
836 1236 897 1279 qui
923 1235 1135 1268 inscribitur
1162 1234 1409 1278 Spruchverse
1444 1234 1505 1268 des
1533 1233 1718 1267 Publilius

155 1283 267 1329 Syrus
294 1297 328 1328 p.
348 1285 413 1319 33:
441 1284 606 1324 Affatim,
635 1284 665 1317 si
683 1283 828 1317 fortuna
853 1294 966 1325 aequa
983 1283 1134 1327 longum
1161 1282 1350 1315 interitum
1368 1293 1441 1315 non
1466 1281 1595 1323 habet3
1623 1280 1719 1315 hunc

161 1331 361 1366 Christius:
388 1332 433 1366 A.
462 1332 569 1364 sicui
595 1331 743 1364 fortuna
778 1331 886 1373 longe
911 1329 1101 1363 interitum
1125 1340 1197 1362 non
1224 1328 1347 1363 habet.
1399 1328 1525 1362 Verba
1557 1328 1636 1363 cod.
1669 1327 1718 1363 M.

159 1379 288 1412 ultima
314 1391 395 1413 cum
421 1379 761 1423 interpretationem
786 1377 906 1421 potius
933 1388 1039 1420 quam
1065 1376 1181 1419 ipsam
1207 1387 1331 1410 versus
1364 1376 1582 1419 scripturam
1615 1375 1719 1409 redo-

156 1426 265 1467 leant,
292 1426 437 1469 longius
464 1438 484 1459 a
509 1425 630 1459 verbis
657 1425 801 1458 recessi.
852 1423 1012 1458 Fortuna
1037 1427 1235 1467 postquam
1267 1423 1314 1457 ad
1345 1426 1549 1457 extremam
1587 1423 1717 1465 iniqui-

157 1476 271 1507 tatem
296 1473 472 1517 pewenit,
501 1484 670 1507 occasum
696 1472 774 1506 fore
800 1471 970 1506 ostendit.
1023 1469 1079 1504 De
1106 1470 1268 1504 dictione
1304 1471 1340 1504 in
1367 1470 1558 1514 procinctu
1583 1469 1719 1503 habere

156 1520 239 1554 vide
265 1519 358 1555 Gell.
386 1519 475 1554 NA.
503 1519 533 1555 I.
563 1521 615 1554 11.
644 1519 767 1563 Quint.
796 1518 841 1552 X.
872 1520 907 1560 1,
941 1520 972 1554 2.
1000 1518 1070 1551 nisi
1098 1518 1134 1551 in
1169 1517 1360 1561 procinctu
1395 1520 1637 1561 paratamque
1672 1517 1719 1551 ad.

156 1579 279 1601 omnes
307 1579 408 1601 casus
435 1567 599 1601 habuerit
634 1566 890 1610 eloquentiam.
942 1565 1024 1600 Seu.
1062 1565 1106 1599 de
1139 1564 1241 1600 clem.
1268 1564 1298 1599 I.
1327 1566 1364 1605 1,
1400 1565 1436 1599 4:
1476 1563 1717 1598 Severitatem

158 1614 321 1648 abditam
349 1618 385 1648 et
410 1615 641 1649 clementiam
667 1614 704 1647 in
730 1614 923 1657 procinctu
952 1612 1079 1647 habeo.

250 1662 306 1696 47.
334 1661 513 1695 Numeros
540 1661 627 1695 fecit
652 1660 821 1704 Meyerus
847 1661 932 1694 Act.
959 1659 1059 1693 Mon.
1086 1672 1119 1703 p.
1148 1659 1226 1693 547.
1278 1658 1333 1694 Cf.
1370 1657 1477 1693 Publ.
1504 1658 1539 1692 A
1565 1658 1621 1693 26.

253 1709 309 1743 48.
337 1710 384 1743 A.
413 1708 651 1753 Spengelius:
687 1708 804 1742 Avari
830 1708 905 1741 vita
930 1710 1054 1750 torpet
1079 1709 1198 1740 morte
1225 1707 1380 1751 longior.
1430 1705 1601 1749 Meyerus
1632 1706 1717 1739 Act.

156 1755 255 1791 Mon.
282 1768 316 1800 p.
345 1756 433 1791 547:
460 1756 585 1790 Avaro
604 1755 702 1789 haud
728 1755 803 1789 vita
829 1757 884 1788 est
909 1755 992 1794 vita,
1022 1754 1085 1787 sed
1102 1765 1199 1788 mors
1227 1754 1383 1797 longior.
1411 1753 1578 1795 „Avarus
1605 1753 1719 1786 vitam

157 1815 230 1837 non
249 1804 335 1848 agit,
363 1803 427 1837 sed
444 1806 619 1846 tanquam
637 1802 783 1846 longam
802 1804 959 1836 mortem
986 1801 1094 1836 ducit.
1147 1800 1201 1836 Cf.
1222 1800 1294 1836 Cic,
1322 1800 1368 1835 ad
1388 1799 1431 1844 Q.
1451 1800 1554 1835 fratr.
1582 1799 1611 1835 I.
1632 1800 1663 1841 3,
1684 1800 1714 1833 2.

157 1850 292 1885 diutius
319 1851 357 1884 in
383 1850 451 1884 hac
477 1851 553 1884 vita
579 1861 657 1884 esse
684 1861 758 1883 non
779 1861 938 1894 possum.

251 1898 307 1933 49.
336 1897 407 1942 Qui
432 1909 534 1931 reum
560 1897 742 1936 defendit,
779 1900 905 1930 caveat
931 1897 1051 1940 ipsum
1082 1907 1149 1939 pro
1181 1906 1244 1929 reo
1280 1899 1341 1928 aut
1376 1895 1522 1929 conscio
1548 1894 1717 1929 habeant.

157 1943 316 1979 Versum
343 1946 394 1978 sic
413 1945 575 1989 reposuit
589 1944 774 1988 Meyerus:
802 1944 848 1979 A.
868 1955 901 1987 q.
920 1943 1052 1987 recipit
1079 1954 1234 1983 causam,
1263 1954 1300 1976 se
1319 1943 1397 1986 ipse
1416 1943 1585 1975 criminat
1604 1952 1716 1981 reum,

158 1992 210 2026 sic
235 1992 280 2027 A.
308 1991 542 2036 Spengelius:
570 1992 616 2026 A.
635 2003 668 2035 q.
688 1994 767 2024 orat
794 2002 949 2030 causam,
978 2002 1055 2024 sese
1074 1990 1252 2031 effiminat,
1281 1990 1331 2024 sic
1346 1989 1544 2024 Meiserus:
1571 1989 1616 2023 A.
1633 2000 1663 2024 c,
1684 2000 1716 2031 q.

158 2042 248 2080 orat,
278 2051 315 2073 se
341 2039 465 2083 culpat
490 2051 602 2074 reum.
652 2037 858 2073 Defendere
885 2049 1030 2072 causam
1059 2037 1153 2071 dixit
1178 2036 1270 2072 Hor.
1299 2036 1412 2072 Serm.
1442 2036 1494 2070 II.
1522 2036 1552 2077 5,
1579 2037 1635 2071 34.
1663 2035 1718 2071 Cf.

158 2085 263 2120 Publ.
291 2086 310 2120 I
335 2088 354 2121 9
381 2087 492 2131 (235).

253 2134 307 2168 50.
340 2133 500 2167 Assidua
534 2134 568 2167 ei
602 2138 685 2167 sunt
716 2135 900 2166 tormenta
937 2132 999 2175 qui
1033 2134 1148 2165 semet
1184 2132 1304 2176 ipsum
1340 2132 1446 2165 timet
1480 2130 1529 2166 M.
1566 2130 1720 2174 Semper

159 2181 315 2214 maxime
343 2181 541 2221 cruciatur,
578 2192 686 2224 quem
713 2191 794 2213 suus
832 2179 945 2223 ipsius
971 2179 1081 2212 timor
1107 2180 1280 2224 exagitat.
1332 2178 1391 2212 Ita
1417 2178 1605 2222 Meyerus:
1641 2177 1718 2211 Ad-

160 2227 263 2261 sidua
289 2228 322 2261 ei
349 2231 432 2261 sunt
456 2231 641 2262 tormenta
667 2228 727 2271 qui
755 2238 791 2260 se
818 2227 937 2270 ipsum
964 2226 1078 2260 timet.
1130 2225 1176 2259 In
1212 2227 1403 2261 tormentis
1436 2226 1458 2260 i.
1486 2237 1515 2261 e.
1544 2225 1580 2258 in
1607 2224 1720 2258 animi

159 2275 358 2319 angoribus
374 2286 451 2309 esse
470 2275 563 2309 dixit
580 2274 674 2309 Plin.
702 2286 756 2318 ep.
785 2272 893 2307 VIII.
914 2274 958 2308 23
976 2276 1066 2309 extr.
1093 2273 1131 2306 in
1148 2274 1262 2307 tantis
1281 2273 1473 2308 tormentis
1500 2284 1609 2313 eram,
1637 2283 1720 2306 cum

161 2322 358 2356 scriberem
383 2322 481 2362 haec,
511 2322 709 2356 scriberem
738 2321 826 2355 sola.

255 2370 309 2405 51.
338 2369 476 2403 Versus
501 2369 590 2403 haec
617 2369 795 2403 sententia
822 2371 894 2402 est:
929 2367 968 2402 Si
993 2371 1032 2401 tu
1059 2368 1219 2401 animum
1243 2367 1265 2401 i.
1295 2378 1324 2401 e.
1351 2367 1463 2401 animi
1497 2365 1720 2410 cupiditates

160 2415 312 2459 imperio
340 2418 508 2451 coercere
534 2417 602 2451 tibi
636 2416 789 2456 videris,
825 2426 898 2448 non
925 2418 964 2448 tu
990 2415 1128 2457 animo,
1165 2414 1228 2448 sed
1261 2415 1401 2448 animus
1428 2415 1450 2449 i.
1479 2425 1508 2449 e.
1543 2424 1643 2447 mens
1679 2424 1721 2446 ac

160 2463 254 2497 ratio
294 2464 361 2498 tibi
394 2464 561 2508 imperat.
617 2463 795 2497 Animum
828 2463 939 2506 poeta
970 2473 1055 2496 usus
1089 2473 1131 2496 ea
1169 2462 1354 2506 captione,
1392 2472 1500 2504 quam
1540 2462 1722 2494 memorat

160 2509 296 2552 Seneca
323 2510 494 2545 Controv.
522 2510 594 2544 III.
626 2510 678 2545 18.
705 2510 760 2544 ed.
787 2510 869 2553 Bip.
896 2521 929 2553 p.
957 2509 1054 2549 22ῖ.,
1083 2509 1223 2553 duplici
1249 2509 1400 2543 notione
1436 2508 1643 2552 usurpavit.
1681 2509 1721 2539 ut.

160 2560 197 2591 et
222 2557 413 2592 libidinem
438 2561 473 2592 et
500 2562 659 2591 mentem
685 2556 919 2601 significaret.
963 2555 1141 2592 Cf.Pub1.
1168 2556 1204 2590 A
1229 2557 1285 2591 41.
1304 2555 1413 2590 Hunc
1440 2556 1550 2589 finxit
1575 2565 1717 2588 versum

159 2603 348 2648 Meyerus:
374 2605 510 2639 Animo
526 2605 727 2649 imperato,
756 2615 800 2638 ne
827 2607 970 2637 animus
995 2603 1151 2647 imperet
1176 2603 1256 2645 tibi,
1282 2603 1378 2637 hunc
1403 2603 1449 2638 A.
1479 2601 1717 2646 Spengelius:

159 2651 296 2685 Animo
322 2653 513 2696 imperato,
539 2663 585 2685 ne
611 2651 679 2685 tibi
707 2652 848 2685 animus
876 2651 1040 2694 imperet.

255 2699 310 2734 52.
337 2699 558 2733 Emendavit
583 2698 761 2742 Meyerus.
815 2697 868 2733 Cf.
895 2696 1144 2732 Pseudo-Seu.
1171 2697 1216 2731 de
1241 2709 1331 2731 mor.
1361 2698 1413 2731 15.

255 2746 310 2781 53.
337 2745 440 2780 Inter
465 2757 589 2780 versus
614 2745 841 2779 Publilianos
868 2748 1085 2788 receperunt
1110 2745 1222 2778 etiam
1236 2743 1415 2778 Gruterus
1442 2742 1504 2787 (cf.
1531 2744 1605 2775 not.
1624 2743 1717 2785 post.

161 2803 195 2835 p.
230 2792 292 2838 43)
327 2792 514 2827 Bentleius
542 2805 573 2828 v.
608 2793 638 2828 T.
692 2791 864 2832 Orellius⁷
900 2791 1072 2829 Bothius,
1107 2792 1229 2836 posuit
1264 2792 1301 2824 in
1335 2790 1535 2835 appendice
1570 2800 1601 2824 v.
1639 2788 1717 2823 180.
