1967 3090
753 120 1072 162 —211—

141 248 306 282 perans
343 237 486 271 venit:
524 237 644 270 nescio
679 236 764 279 quid
799 236 1088 278 circumspectat.
1117 234 1160 267 V.
1195 246 1220 274 t,
1249 235 1279 269 6.
1315 233 1487 277 quidnam
1512 232 1571 266 hic
1598 243 1679 276 pro-

140 296 271 329 perans
305 284 466 328 prosilit:
506 283 578 318 Cic.
605 283 684 318 Att.
711 282 779 318 IV.
806 283 838 318 4,
872 282 960 316 haec
987 284 1300 325 properantes
1328 281 1555 324 scripsimus3
1598 278 1680 313 Sen.

140 343 195 375 ep.
214 330 298 365 XV.
328 332 347 365 3
366 330 443 375 (95)
461 331 516 366 26.
543 330 702 364 nobilem
729 330 901 374 patinam.v
929 329 967 362 in
993 340 1099 371 quam
1125 328 1296 372 quicquid
1322 328 1418 371 apud
1445 328 1561 361 lautos
1589 327 1679 361 solet

142 379 238 413 diem
264 378 395 412 ducere
429 389 687 422 properans
714 378 750 410 in
776 377 947 410 damnum
973 387 1075 409 suum
1101 376 1237 419 popina
1263 378 1513 418 congesserat3
1553 373 1680 408 Claud.

139 426 176 459 in
202 425 285 460 Rus.
317 426 394 459 337.
422 425 661 468 festiuannjlne
684 427 802 457 rotam
822 423 929 457 solito
947 423 1288 466 properantior
1313 426 1428 465 urget.
1469 421 1570 466 Quae
1597 432 1679 454 cum

139 474 191 507 ita
217 473 298 508 sint,
326 472 394 506 hoc
421 472 599 505 sententia
625 471 733 504 docet
757 481 913 514 poenam
939 470 985 504 ad
1011 470 1147 503 malum
1172 469 1393 513 puniendum
1419 480 1572 512 propere
1597 480 1679 502 con-

139 519 289 554 tendere
321 519 437 564 gradu
464 519 573 553 tacite
605 521 641 552 et
666 518 818 552 obscure
845 521 881 551 et
908 517 1040 550 sensim
1067 517 1269 550 adlabenti:
1308 517 1359 549 ita
1386 519 1425 549 ut
1450 515 1602 549 latinum
1629 515 1679 549 sic

139 568 175 601 in
213 566 472 601 Germanicum
509 569 651 599 vertere
687 565 812 599 liceat:
851 563 946 605 „Die
980 563 1091 598 Straf'
1131 563 1238 598 ereilt
1275 563 1345 596 den
1378 562 1586 597 Bijsewicht
1619 563 1686 596 mit

139 614 263 648 leiseni
290 612 464 648 Schritt.“
503 612 557 648 Cf.
584 612 689 647 Publ.
716 611 746 645 P
772 612 816 646 ‘29
844 612 958 656 (478).

239 673 287 707 13.
327 671 564 712 SchwarziuS,
604 672 783 715 interpres
811 670 1059 710 Germanicus,
1099 680 1181 702 cum
1212 668 1305 702 hanc
1340 668 1681 712 interpretationem

138 720 343 765 praeiisset:
382 719 488 753 Mehr
520 719 569 752 ist
601 719 684 752 dem
718 717 882 752 Unrecht
906 717 1136 761 unterliegen
1161 716 1306 750 alsder
1332 715 1476 749 Strafe“
1527 715 1682 749 Orellius

141 778 316 812 poenae
355 778 435 800 eum
468 766 513 799 ob
541 766 665 799 oculos
691 765 858 799 habuisse
893 765 1096 808 suspicatus
1129 766 1184 797 est
1209 763 1317 806 idque
1345 763 1490 806 scripsit
1515 762 1679 797 Bothius.

138 815 214 849 Nec
248 826 334 848 vero
368 816 466 847 recte
499 813 715 847 iudicavisse
748 813 838 846 mihi
869 812 1013 846 videtur
1045 809 1270 845 Schwarzius
1304 810 1365 843 ille
1401 822 1559 844 summus
1587 810 1683 853 apud

137 861 383 905 Guestphalos
421 860 527 894 iudex
557 859 899 894 Duderstadiensis:
940 862 1070 902 quotus
1101 858 1197 891 enim
1231 858 1381 901 quisque
1415 860 1480 897 est,
1517 857 1577 900 qui
1610 868 1684 890 non

137 909 318 949 iniuriam,
345 919 426 941 cum
450 908 625 941 innocens
653 907 708 947 sit,
737 919 841 950 quam
868 917 1033 950 poenam,
1062 917 1144 939 Cum
1172 906 1217 938 sit
1235 916 1381 945 nocens,
1408 904 1528 938 subire
1555 904 1684 937 malit?

137 957 235 991 Huic
261 967 349 1000 ergo
366 955 449 999 plus
475 958 529 989 est
556 966 695 998 poenae
722 965 829 998 quam
847 954 998 987 iniuriae
1024 952 1268 986 succumbere.
1310 951 1383 986 Sed
1401 951 1582 985 sententia
1600 963 1681 995 sup-

137 1004 248 1048 plicio
273 1003 418 1045 gravius
437 1013 514 1035 esse
542 1001 648 1035 docet
674 1002 805 1035 iniuria
823 1000 931 1041 affici,
958 1004 1155 1044 propterea
1173 1000 1269 1043 quod
1297 999 1514 1043 supplicium
1539 999 1684 1041 quidem

137 1051 228 1094 lege,
262 1050 393 1083 iuiuria
426 1052 554 1082 contra
585 1049 705 1094 legem
737 1049 919 1082 subeatur.
969 1047 1019 1081 Et
1052 1047 1131 1081 fieri
1155 1058 1229 1080 non
1254 1050 1375 1090 potest
1402 1047 1488 1090 quin
1514 1046 1682 1080 iniuriam

137 1098 252 1142 magis
287 1097 486 1131 sententiat
516 1108 623 1139 quam
649 1096 879 1140 supplicium,
907 1096 967 1138 qui
994 1098 1055 1128 aut
1079 1095 1252 1128 innocens
1279 1094 1474 1127 damnatur
1499 1097 1559 1127 aut
1586 1094 1681 1127 iusto

137 1145 283 1189 gravius
320 1144 509 1177 multatur.
567 1142 620 1177 Cf.
644 1143 749 1177 Publ.
783 1142 812 1176 P
839 1143 859 1176 Ξ)
893 1143 1004 1187 (454).
1043 1141 1124 1175 Sen.
1153 1142 1198 1175 de
1224 1142 1328 1176 clem.
1362 1140 1392 1175 I.
1423 1141 1474 1181 14,
1502 1141 1534 1175 3.
1568 1152 1682 1184 prope

138 1193 235 1226 enim
261 1195 324 1230 est,
352 1195 393 1224 ut
418 1190 576 1225 libenter
601 1190 759 1230 damnet,
787 1191 847 1233 qui
872 1191 964 1231 cito;
1002 1200 1118 1233 prope
1144 1192 1209 1229 est,
1248 1192 1287 1222 ut
1311 1188 1433 1231 inique
1459 1189 1595 1232 puniat,
1624 1188 1684 1231 qui

138 1239 257 1274 nimis,
308 1237 405 1272 Sent.
433 1237 525 1271 falso
552 1238 648 1271 inter
672 1236 777 1272 Publ.
803 1240 939 1281 recept.
966 1237 1045 1272 283.
1073 1236 1151 1271 284.
1179 1235 1352 1270 Latinum
1370 1236 1407 1269 in
1425 1235 1684 1270 Germanicum

140 1287 190 1320 sic
216 1289 418 1319 vertamus:
459 1284 588 1325 „Mehr
613 1285 666 1318 als
692 1284 916 1329 Bestrafung
941 1284 1026 1323 ist’s,
1055 1283 1117 1317 des
1147 1283 1328 1317 Unrechts
1356 1282 1469 1326 Opfer
1495 1283 1606 1316 sein:-

234 1345 288 1380 14.
314 1343 454 1378 Versus
489 1343 641 1377 solemni
675 1343 737 1377 illa
770 1343 977 1387 corruptela
1011 1343 1228 1386 depravatus
1264 1346 1329 1382 est,
1365 1341 1464 1385 quod
1495 1341 1605 1375 verba
1643 1353 1687 1375 ex

136 1392 372 1437 grammatica
397 1391 538 1424 ratione
569 1391 843 1425 ordinaverunt:
878 1402 946 1434 quo
974 1390 1113 1423 factum
1140 1392 1203 1429 est,
1230 1394 1270 1422 ut
1294 1389 1392 1422 mala
1417 1389 1575 1423 diaeresi
1600 1393 1684 1432 post

136 1439 267 1484 pedem
292 1439 443 1472 tertium
469 1438 702 1472 divideretur.
751 1438 947 1481 Reponere
973 1442 1123 1471 conatus
1140 1436 1293 1470 Bothius
1320 1436 1363 1470 ab
1391 1448 1456 1469 usu
1473 1435 1680 1469 Publiliano

136 1486 298 1525 recessit,
327 1485 423 1529 quod
450 1485 473 1518 d
484 1485 583 1518 olor
609 1496 690 1518 cum
717 1485 761 1518 sit
789 1485 952 1525 subiecti,
980 1484 1078 1528 quod
1103 1487 1242 1523 vocant.
1270 1494 1412 1523 nomen,
1440 1483 1682 1517 enuntiationi

137 1534 312 1568 relativae
345 1533 506 1566 inseruit.
557 1532 665 1566 Unde
698 1532 791 1565 illud
825 1533 1059 1576 cognoscitur
1093 1542 1136 1565 ex
1169 1531 1213 1564 iis
1240 1542 1385 1564 versum
1409 1542 1498 1566 esse,
1532 1542 1684 1574 quorum

138 1581 251 1615 verba
275 1592 295 1614 a
319 1580 481 1613 librariis
515 1579 605 1613 adeo
639 1579 853 1623 perturbata
878 1579 960 1619 sint,
999 1584 1039 1612 ut
1073 1579 1142 1612 nisi
1176 1578 1358 1612 efficacius
1390 1577 1590 1612 remedium
1623 1578 1685 1611 ad-

142 1628 314 1667 hibueris,
347 1627 393 1661 ad
427 1638 552 1660 sanum
587 1626 750 1661 ordinem
774 1626 892 1660 redire
917 1638 990 1660 non
1015 1626 1166 1670 possint.
1215 1625 1312 1659 Vide
1336 1625 1449 1669 praef.
1476 1637 1511 1669 p.
1539 1625 1593 1660 14.
1631 1624 1687 1659 De

140 1675 256 1719 quinti
282 1674 386 1718 pedis
413 1673 534 1707 iambo
561 1673 605 1707 cf.
632 1673 737 1708 Publ.
764 1673 794 1706 B
812 1674 854 1707 41
882 1674 971 1718 (84).
1011 1672 1221 1707 Sententiae
1246 1672 1366 1716 captio
1393 1673 1430 1705 in
1450 1684 1492 1706 eo
1511 1673 1683 1712 cernitur,

140 1722 236 1766 quod
269 1733 342 1755 non
375 1721 564 1760 medicina,
601 1721 715 1764 qualis
741 1721 915 1754 adversus
944 1721 1106 1754 dolorem
1134 1720 1334 1759 adhibetur,
1371 1719 1433 1753 sed
1459 1719 1594 1753 dolore.
1623 1720 1683 1763 qui

137 1769 340 1803 medicinae
377 1769 457 1802 vice
491 1768 671 1812 fungitur,
715 1768 821 1801 dolor
855 1769 999 1802 enecari
1033 1768 1177 1802 dicitur.
1234 1766 1377 1800 Similes
1416 1768 1684 1801 sentententiae

138 1819 283 1851 exstant
309 1816 405 1860 apud
430 1815 535 1850 Publ.
563 1815 595 1849 L
623 1815 664 1850 18
691 1815 806 1860 (668).
844 1814 879 1848 N
906 1815 925 1850 7
953 1815 1063 1860 (383).

234 1876 288 1910 15.
305 1874 494 1909 Patiens
515 1878 551 1909 et
572 1874 716 1908 fortis
731 1874 781 1908 ita
795 1874 888 1908 alter
902 1874 1009 1908 alteri
1023 1876 1268 1918 opponuntur,
1290 1876 1331 1907 ut
1348 1885 1457 1907 unam
1470 1873 1507 1906 in
1524 1877 1679 1917 utroque

137 1923 309 1956 virtutem
334 1933 412 1956 esse
437 1925 611 1966 appareat
635 1921 745 1955 animi
771 1922 1028 1955 constantiam:
1063 1921 1240 1965 patientia
1267 1921 1362 1954 enim
1387 1921 1424 1954 in
1450 1921 1679 1964 perferendo,

137 1970 314 2004 fortitudo
340 1970 379 2003 in
404 1968 634 2003 defendendo
659 1969 756 2002 malo
783 1968 953 2002 cernitur.
1004 1967 1134 2011 Itaque
1158 1972 1197 2001 ut
1216 1967 1322 2001 fort-is
1349 1979 1386 2001 se
1412 1968 1556 2002 felicem
1581 1967 1680 2007 facit,

139 2029 221 2051 cum
248 2028 332 2050 suae
358 2017 435 2060 ipse
453 2016 563 2049 saluti
580 2016 762 2050 consulat:
790 2015 840 2049 sic
866 2026 911 2048 ne
935 2016 1078 2059 patiens
1105 2015 1262 2058 quidem,
1290 2026 1371 2048 cum
1396 2014 1551 2049 ferendis
1577 2016 1682 2048 malis

138 2075 262 2108 parem
288 2075 326 2097 se
349 2065 520 2107 praestet,
548 2063 762 2096 felicitatem
786 2073 945 2105 unquam
970 2063 1133 2096 dimittit.
1185 2061 1237 2095 Se
1262 2063 1383 2106 ipse,
1411 2062 1508 2105 quod
1533 2061 1682 2105 Meyero

137 2111 325 2155 probatur,
353 2110 422 2144 etsi
445 2110 492 2144 ad
517 2110 693 2143 sermonis
711 2109 817 2143 latini
835 2121 938 2142 usum
956 2109 1030 2143 fere
1049 2109 1354 2143 accommodatius
1380 2109 1533 2150 videtur,
1560 2112 1683 2143 tamen

138 2169 181 2192 se
207 2158 250 2201 ip
263 2169 355 2191 sum
381 2157 426 2190 ab
444 2168 485 2191 eo
503 2168 576 2190 non
594 2157 752 2190 alienum
771 2167 848 2190 esse
875 2157 1049 2200 exemplis
1076 2156 1195 2190 allatis
1223 2156 1330 2190 docet
1346 2155 1536 2200 Zumptius
1556 2156 1679 2190 Gram.

138 2206 201 2241 lat.
228 2207 248 2251 ξ
275 2205 354 2240 696.
404 2204 461 2238 De
487 2204 667 2237 sententia
692 2203 737 2238 cf.
763 2202 869 2237 Publ.
896 2203 926 2237 P
952 2203 972 2238 7
997 2204 1111 2248 (456).

234 2264 288 2299 16.
329 2262 445 2306 Quid
482 2263 654 2297 bellum
692 2263 841 2302 iuvet,
880 2263 1090 2306 prospicere
1127 2262 1181 2296 rei
1213 2262 1381 2296 militaris
1415 2262 1526 2296 etiam
1558 2265 1682 2306 potest

138 2311 348 2355 imperitus3
387 2310 451 2344 sed
488 2310 697 2354 prospicere
730 2310 751 2343 i.
781 2321 809 2344 e.
842 2309 1047 2353 providere,
1083 2309 1196 2352 quod
1224 2309 1400 2344 bellum
1426 2310 1569 2349 iuvet,
1595 2321 1680 2354 pru-

139 2359 257 2393 dentis
284 2361 339 2392 est
363 2358 476 2397 ducis,
512 2358 573 2401 qui
599 2369 681 2390 cum
705 2356 802 2390 h'aud
828 2357 982 2400 ignoret,
1009 2357 1095 2399 quid
1120 2356 1257 2390 bellum
1280 2357 1389 2397 iuvet,
1416 2360 1495 2390 tum
1519 2357 1558 2390 id
1583 2369 1680 2391 com-

136 2408 253 2450 parat,
281 2405 377 2448 quod
401 2405 540 2439 bellum
565 2405 688 2438 iuvare
713 2405 802 2438 vult.
852 2403 1016 2438 Iuvare
1042 2404 1138 2437 enim
1162 2404 1274 2437 verbo
1301 2404 1458 2448 simplici
1482 2403 1681 2438 Publilium

138 2464 205 2496 pro
244 2452 445 2496 composito
485 2452 712 2486 adiuvare
744 2452 797 2484 uti
834 2462 943 2494 supra
974 2451 1130 2484 diximus
1166 2451 1210 2486 cf.
1236 2450 1343 2486 Publ.
1376 2451 1408 2484 B
1434 2452 1453 2486 9
1479 2452 1567 2495 [52).
1603 2450 1635 2494 Q
1665 2454 1678 2486 1

138 2499 250 2544 (501).
297 2498 330 2542 Q
368 2500 409 2533 11
448 2500 560 2543 (511).
608 2498 779 2532 Latinum
818 2498 854 2531 in
893 2496 1151 2531 Germanicum
1188 2499 1240 2532 ita
1277 2502 1548 2532 convertamus:
1601 2498 1681 2537 „Im

137 2545 298 2580 Frieden
333 2546 407 2580 seh'
433 2558 519 2580 man
542 2557 618 2585 vor,
659 2557 732 2579 was
759 2545 891 2579 dienen
918 2545 986 2578 soll
1012 2545 1095 2579 dem
1119 2545 1271 2589 Krieg.“
1310 2545 1365 2580 Cf.
1393 2545 1474 2580 Sen.
1502 2546 1547 2579 ad
1574 2545 1682 2579 Helv.

139 2594 184 2627 de
216 2593 352 2628 consol.
378 2592 424 2628 V.
453 2594 485 2627 3.
516 2593 577 2636 qui
610 2592 732 2626 futuro
760 2603 796 2626 se
822 2592 919 2626 bello
947 2595 1030 2626 ante
1062 2591 1199 2626 bellum
1222 2596 1454 2637 paraverunt.
1489 2593 1683 2636 compositi

140 2643 177 2674 et
203 2641 317 2684 aptati
342 2640 510 2684 primum,
544 2640 603 2684 qui
637 2639 981 2674 tumultuosissimus
1016 2642 1086 2680 est,
1119 2640 1233 2673 ictum
1265 2640 1373 2674 facile
1400 2640 1590 2683 accipiunt.
1629 2651 1683 2683 ep.

139 2686 190 2721 11.
218 2688 238 2722 6
268 2687 345 2732 (18)
371 2687 402 2721 6.
434 2687 540 2721 miles
572 2687 609 2720 in
642 2686 762 2720 media
794 2697 884 2730 pace
911 2686 1072 2720 decurrit
1098 2686 1173 2720 sine
1198 2687 1273 2720 ullo
1298 2687 1412 2721 hoste.
1439 2686 1575 2719 vallum
1599 2687 1687 2720 iacit

141 2738 176 2768 et
214 2745 438 2778 supervacuo
474 2734 598 2768 labore
633 2734 798 2775 lassatur,
836 2737 875 2767 ut
910 2733 1076 2768 sufficere
1108 2734 1314 2768 necessario
1340 2734 1464 2778 possit.
1508 2731 1623 2775 Quem
1649 2734 1687 2767 in

1408 2791 1479 2826 14*
