1967 3090
848 125 1171 168 —290—

229 244 394 279 chaicuin
422 254 499 277 esse
525 246 636 276 ratus.
688 240 742 276 Cf.
769 241 858 275 Zell.
885 252 919 284 p.
949 239 1003 274 59.
1032 251 1063 275 v,
1095 239 1169 274 108.
1205 241 1241 273 et
1272 237 1473 273 Kremsier.
1500 248 1535 281 p.
1563 237 1618 272 37.
1646 248 1678 272 v,
1705 237 1787 272 390.

325 292 400 325 1553.
441 287 688 324 Pseudo-Seu.
731 287 775 322 de
818 298 907 323 mor.
942 287 996 322 68.
1032 286 1135 330 Quae
1161 286 1254 320 duae
1281 288 1363 319 sunt
1390 284 1597 318 sententiae
1624 283 1786 318 Pseudo-

228 338 310 372 Sen.
339 337 383 371 de
408 348 499 372 mor.
527 336 581 371 68.
636 334 859 378 „Inhonesta
883 333 1039 368 victoria
1065 337 1119 368 est
1146 344 1228 367 suos
1254 333 1424 366 vincere“
1443 335 1480 365 et
1500 331 1561 366 69:
1591 329 1712 371 „Satis
1732 333 1789 364 est

228 396 427 429 poenarum
455 384 616 428 potuisse
651 382 814 426 puniri“:
859 393 919 416 eas
953 382 989 415 111
1025 391 1133 415 unam
1166 379 1358 414 coniunxit
1393 377 1638 413 Godofredus.
1689 377 1790 412 Vide

229 432 329 467 Sent.
357 431 449 465 falso
475 431 570 464 inter
595 428 700 464 Publ.
727 432 864 474 recept.
893 429 972 464 336.
999 427 1062 462 Ri.
1088 440 1121 463 v.
1150 427 1228 462 169.

326 478 400 513 154.
440 476 687 512 Pseudo—Son.
714 476 759 511 de
784 487 874 511 mor.
901 475 957 511 95.
985 476 1039 510 96.
1068 474 1122 510 ed.
1151 473 1354 508 Woelfflin.
1393 483 1429 516 p.
1458 472 1541 507 143:
1581 471 1792 513 „Severitas

229 527 267 560 in
295 526 384 560 vitio
411 528 475 560 est.
503 525 588 569 quia
613 523 800 568 proximus
827 523 1025 557 iniustitiae
1050 522 1151 557 locus
1177 521 1387 556 severitasst⁴
1428 518 1705 554 Sententiarum
1731 529 1788 552 or-

227 574 312 608 dine
338 573 529 606 immutato
554 570 614 606 Fr.
640 570 801 605 Haasius
825 571 888 605 95:
915 569 1116 613 „Severitas
1142 569 1180 603 in
1206 569 1295 603 vitio
1323 570 1400 602 651Η
1421 569 1457 602 et
1475 566 1541 601 97:
1569 565 1790 607 „Proximus

226 620 387 654 iustitiae
413 619 542 653 modus
569 619 778 653 severitas.“
827 617 1001 652 Erasmus
1029 617 1175 660 quidem
1200 627 1345 651 versum
1371 615 1422 649 sic
1449 613 1612 658 scripsit:

320 666 424 702 Bono
450 666 611 700 iustitiae
635 665 801 710 proxima
828 668 882 699 est
908 664 1090 699 severitas.

228 726 298 758 qua
324 726 404 749 cum
432 714 611 757 scriptura
636 714 728 747 haec
755 713 829 746 eius
863 711 1133 755 interpretatio:
1181 709 1384 753 „Severitas
1410 708 1507 742 enim
1532 707 1673 742 iustitia
1697 707 1786 752 rigi-

227 762 307 796 dior
334 764 371 796 et
397 762 569 802 exactior,
596 771 751 805 vergens
777 760 823 794 ad
848 759 1142 793 inclementiamss‘
1168 769 1241 791 non
1267 756 1471 796 conveniat,
1498 755 1568 788 nisi
1594 754 1789 789 Erasmum

227 809 416 853 scripsisse
444 809 650 852 putaveris:

322 856 426 890 Bono
451 856 653 889 iniustitiae
680 854 849 898 proxima
876 857 931 887 est
958 853 1144 887 severitas.

227 904 350 947 Atque
387 914 454 947 pro
493 902 737 942 iustitiae,
782 901 878 945 quod
921 900 1060 934 habent
1103 900 1257 939 codices,
1304 897 1581 931 iniustitiae
1623 897 1790 941 reposuit

226 949 472 985 Woelfflinus.
500 950 559 985 Ri.
587 961 621 985 V.
652 949 727 984 198.

331 998 404 1032 155.
432 997 535 1032 Caec.
563 996 667 1030 Balb.
694 1008 728 1040 p.
755 996 812 1030 41.
839 994 922 1029 Par.
950 994 1007 1028 44.
1035 993 1194 1027 Versum
1222 992 1333 1026 tribui
1348 991 1507 1026 Publilio
1526 990 1610 1026 0111
1629 990 1788 1027 65.Vid.

225 1044 363 1089 Haupt.
390 1044 485 1079 Phil.
513 1043 544 1079 I.
570 1055 606 1087 p.
635 1044 713 1078 665.

325 1092 402 1127 156.
430 1091 655 1126 Ribbeckius
683 1101 702 1124 e
728 1089 807 1124 cod.
835 1088 942 1123 Bern.
971 1088 1013 1123 b:
1037 1086 1144 1131 Quod
1171 1086 1310 1120 senium
1337 1097 1380 1120 ex
1407 1086 1563 1129 quadam
1590 1088 1694 1130 parte
1720 1085 1787 1119 im—

225 1138 430 1183 perfectum
458 1142 514 1172 est
540 1150 582 1172 ex
610 1137 711 1171 nulla
736 1140 860 1171 tamen
887 1135 1019 1169 falsum
1048 1137 1113 1169 est.
1140 1133 1248 1168 Unde
1273 1134 1326 1167 ita
1351 1133 1596 1168 Ribbeckius:

322 1186 477 1220 Sensum
506 1184 761 1229 imperfectum
788 1183 938 1217 minime
965 1184 1085 1215 totum
1112 1180 1263 1214 fallitur.

323 1233 398 1267 Nos
426 1233 661 1277 opposuimus
688 1232 733 1265 in
758 1234 937 1275 partem
964 1232 999 1263 et
1025 1229 1071 1262 in
1097 1231 1241 1262 totum
1268 1227 1312 1263 cf.
1342 1227 1466 1271 Quint.
1494 1226 1567 1262 III.
1595 1228 1626 1269 6,
1654 1227 1710 1263 32.
1729 1227 1789 1261 cui

230 1281 275 1315 ab
304 1280 496 1315 infitiando
522 1291 655 1314 nomen
682 1279 743 1312 alii
769 1279 806 1311 in
832 1281 952 1311 totum
978 1276 1166 1316 dederunt,
1195 1275 1257 1309 alii
1281 1275 1319 1308 111
1344 1278 1497 1319 partem.

325 1328 402 1363 157.
449 1327 646 1372 „Scaliger
685 1326 788 1360 Sexti
820 1324 1019 1369 Pythagor.
1066 1326 1154 1358 sent.
1194 1333 1214 1356 a
1255 1321 1389 1357 Rufino
1424 1322 1486 1356 lat.
1515 1332 1676 1356 convers
1703 1320 1784 1356 49.“

229 1374 430 1410 Woelfflin.
457 1374 577 1413 Disce.
606 1384 699 1418 quae
725 1373 820 1406 bona
847 1373 920 1406 sint
946 1374 983 1405 et
1008 1371 1173 1412 honesta,
1200 1372 1241 1403 ut
1258 1380 1351 1414 quae
1369 1368 1551 1410 didiceris,
1577 1368 1657 1412 ipse
1676 1368 1786 1403 etiam

224 1422 349 1456 facias.

324 1470 399 1504 1:33.
427 1468 532 1503 Caec.
559 1468 665 1503 Ball).
692 1480 726 1511 p.
754 1468 809 1502 22.
837 1465 937 1501 Mon.
964 1465 1011 1501 X.
1038 1466 1060 1500 4
1088 1464 1206 1509 (Sent.
1235 1464 1321 1509 93).
1348 1463 1421 1498 Pro
1449 1463 1642 1497 adversa
1674 1461 1786 1507 vulgo

227 1517 457 1551 subiecta

324 1563 398 1598 159.
429 1563 512 1598 Sen.
541 1574 595 1606 ep.
622 1562 690 1597 IV.
718 1562 737 1596 7
765 1562 846 1606 (36)
876 1562 903 1596 1.
931 1559 1076 1605 Fragm.
1105 1559 1149 1594 (16
1175 1561 1341 1603 paupert.
1369 1560 1529 1602 excerpt.
1557 1557 1628 1592 vol.
1655 1555 1730 1592 ΠΙ.
1749 1568 1784 1600 p.

226 1612 306 1646 460.
335 1611 391 1646 6(1.
419 1609 478 1644 Fr.
508 1610 646 1644 Haasii.

324 1659 399 1693 ffio.
429 1657 535 1693 Caec.
562 1657 666 1691 Ball).
693 1667 729 1700 p.
757 1657 812 1691 21.
839 1654 938 1689 Mon.
968 1653 1055 1688 VII.
1086 1655 1101 1687 1
1130 1652 1251 1698 (Sent.
1280 1653 1364 1697 945).

324 1707 399 1740 161.
427 1706 531 1740 eaeo.
559 1704 663 1738 Balb.
691 1716 725 1747 p.
754 1704 809 1738 21.
837 1701 936 1737 Mon.
964 1701 1056 1736 VII.
1086 1702 1101 1735 1
1132 1699 1250 1739 (Sent.
1271 1700 1355 1744 95.)

327 1753 404 1787 162.
433 1751 515 1786 Sen.
544 1751 588 1785 de
614 1752 656 1786 ir.
683 1750 755 1791 ΠΙ,
789 1751 842 1789 12.
869 1750 901 1784 4.
929 1749 1012 1784 coll.
1040 1747 1092 1783 Π.
1119 1748 1175 1788 29.
1215 1749 1242 1781 1.
1286 1746 1340 1781 Cf.
1378 1745 1483 1780 Publ.
1522 1745 1558 1779 R
1585 1745 1605 1779 2
1633 1744 1746 1790 (570).

323 1800 399 1834 163.
438 1798 687 1833 Pseudo-Seii.
725 1798 769 1832 de
795 1808 876 1830 nior
911 1798 988 1831 1⁴³1.
1023 1795 1131 1830 Prov.
1175 1794 1233 1829 48.
1277 1793 1332 1828 Cf.
1371 1793 1478 1828 Publ.
1516 1794 1552 1826 A
1591 1792 1645 1826 57.
1685 1789 1784 1825 Sent.

226 1846 320 1880 falso
346 1847 444 1881 inter
469 1845 573 1880 Publ.
601 1848 737 1889 recept.
765 1845 819 1879 30.

324 1894 399 1928 164.
428 1893 531 1927 Caec.
560 1893 664 1927 Bau).
692 1904 726 1936 p.
753 1892 809 1926 41.
836 1890 918 1925 Par.
946 1890 1002 1925 45.
1030 1889 1149 1934 [Sent.
1176 1889 1239 1933 4.).

324 1942 400 1976 165.
429 1940 516 1974 Cod.
545 1939 575 1974 O
602 1939 843 1983 (Veronensis
869 1937 1011 1980 Meyeri
1039 1937 1083 1971 cf.
1112 1948 1146 1980 p.
1175 1936 1230 1970 66.
1258 1935 1312 1975 25,
1342 1936 1390 1977 3.)
1417 1934 1521 1968 Caec.
1548 1933 1653 1968 Balb.
1672 1944 1707 1976 p.
1726 1932 1782 1967 41.

225 1987 308 2022 Par.
336 1989 392 2022 46.
420 1987 559 2022 Versus
587 1986 814 2020 Publilianus
844 1988 908 2020 est.
938 1984 991 2020 Cf.
1018 1983 1037 2018 I
1065 1985 1119 2019 64.
1146 1982 1204 2016 Ri.
1232 1994 1264 2017 v.
1293 1982 1370 2017 5853.

323 2035 399 2070 166.
428 2034 510 2069 Sen.
538 2034 582 2068 de
609 2034 750 2077 provid.
779 2033 824 2067 V.
856 2034 906 2066 11.
1498 2064 1504 2066 .

320 2082 395 2117 167.
436 2081 542 2116 Caec.
577 2080 682 2116 Ball).
725 2093 758 2125 p.
803 2081 858 2115 30.
892 2078 991 2114 Mon.
1024 2077 1169 2112 XXXI.
1206 2079 1221 2111 1
1255 2076 1370 2120 (Sent.
1401 2076 1507 2120 103.)
1537 2074 1592 2109 Cf.
1617 2072 1786 2108 Pub1.D

226 2129 268 2163 14
295 2130 410 2173 (136).

321 2176 396 2211 168.
425 2175 508 2210 Sen.
537 2175 581 2209 de
608 2175 712 2210 clem.
739 2173 769 2209 1.
797 2174 828 2214 «ὃ,
859 2176 890 2210 5.

322 2223 397 2257 169.
427 2222 509 2258 Sen.
537 2223 581 2256 de
609 2222 712 2257 clem.
741 2221 771 2256 1.
802 2222 854 2262 18,
886 2223 914 2256 1.

319 2271 394 2304 170.
424 2269 507 2304 Sen.
535 2281 591 2313 ep.
617 2269 667 2303 IL
697 2270 727 2304 T.
754 2268 833 2312 (19)
864 2270 914 2303 11.
942 2268 995 2303 Cf.
1023 2267 1116 2302 Hor.
1145 2266 1262 2302 Serm.
1291 2265 1321 2301 I.
1349 2266 1379 2305 3,
1407 2264 1463 2300 86.
1514 2263 1571 2297 De
1597 2263 1781 2298 sententia

221 2317 305 2351 vide
331 2316 453 2351 Plaut.
481 2316 578 2349 Trin.
605 2315 674 2350 IV.
704 2316 733 2350 3.
762 2316 807 2349 44
827 2337 868 2340 ἡ
888 2316 942 2350 43.
971 2314 1054 2349 Tac.
1083 2315 1155 2349 An.
1184 2313 1251 2348 IV.
1282 2313 1336 2348 19.
1364 2311 1447 2346 Sen.
1475 2322 1529 2355 ep.
1557 2309 1625 2345 XI.
1653 2310 1674 2344 2
1701 2310 1779 2354 (82)

225 2364 280 2399 3⁴2.
309 2363 519 2408 Swedberg.
548 2363 603 2397 ad.
632 2362 736 2397 Publ.
763 2375 795 2396 v.
824 2363 855 2397 9.

319 2411 394 2446 171.
431 2410 539 2445 Prov.
566 2411 622 2445 41.
651 2414 686 2443 et
712 2410 768 2445 42.
796 2409 933 2443 Eorum
959 2409 1156 2443 verborum
1183 2407 1364 2441 sententia
1390 2406 1479 2440 haec
1505 2405 1672 2438 videtur:
1714 2403 1782 2445 „In

222 2457 329 2492 amici
356 2468 464 2492 causa
489 2462 529 2491 ut
555 2461 700 2501 praeter
726 2457 764 2501 (i.
793 2468 821 2492 e.
850 2460 1050 2502 entgegen)
1077 2466 1222 2490 causam
1249 2453 1385 2497 aliquid
1413 2452 1594 2486 amicitiae
1619 2451 1779 2484 tribuas:

219 2507 342 2538 tamen
369 2505 419 2538 sic
446 2505 576 2545 iudica.
604 2508 644 2537 ut
672 2516 713 2538 ex
739 2509 803 2537 tuo
830 2503 908 2547 ipso
936 2503 1069 2537 iudicio
1096 2503 1214 2536 virum
1239 2504 1275 2535 te
1301 2500 1458 2545 probum
1484 2510 1525 2533 ac
1543 2499 1680 2532 iustum
1702 2508 1780 2532 esse

221 2556 473 2596 cognoscatur.
525 2552 605 2595 Quo
633 2552 729 2585 enim
756 2551 918 2584 sanctior
934 2550 1011 2583 tibi
1039 2561 1119 2583 611111
1146 2549 1210 2582 1110
1237 2547 1489 2582 neccessitudo
1517 2544 1782 2585 intercesserit,

221 2609 262 2632 eo
289 2599 553 2642 religiosiorem
580 2602 616 2631 te
642 2598 799 2631 iudicem
824 2603 961 2642 geres“.
1016 2596 1137 2640 Quare
1163 2607 1230 2639 ego
1256 2594 1535 2639 proverbiorum
1560 2603 1685 2627 versus
1719 2591 1776 2626 41.

221 2649 256 2679 et
282 2646 337 2680 42.
366 2646 637 2688 coniungendos
665 2647 763 2688 puto.
816 2644 1028 2678 Sententiae
1068 2643 1149 2676 fons
1192 2642 1314 2676 nescio
1350 2652 1395 2674 an
1427 2641 1545 2674 iaceat
1578 2639 1617 2672 in
1641 2638 1707 2672 illa
1732 2637 1777 2671 de

220 2692 373 2726 Chilone
398 2692 688 2726 Lacedaemonio
714 2692 932 2731 narratione,
959 2702 1067 2734 quam
1093 2690 1207 2723 tradit
1233 2689 1340 2732 Diog.
1368 2687 1492 2722 Laert.
1520 2686 1549 2722 Ι.
1577 2687 1608 2727 3,
1637 2686 1667 2720 3.

319 2740 395 2774 172.
444 2739 622 2781 „Gravior
649 2738 789 2771 curatio
816 2738 853 2771 in
890 2738 1011 2771 animo
1038 2737 1223 2775 vitiorum.
1269 2747 1377 2779 quam
1402 2734 1614 2768 morborum
1639 2733 1676 2766 in
1703 2742 1781 2765 cor-
