1967 3090
889 172 937 177 —
1011 149 1087 191 1:2³2
1160 173 1207 176 -

262 269 523 302 commemorat
544 265 792 308 Hieronymus
820 263 883 308 (scf.
902 263 1050 298 Gruteri
1077 263 1121 297 dc
1140 263 1179 297 P.
1200 262 1291 306 Syro
1309 262 1419 296 mimo
1438 262 1572 297 testim.
1622 261 1825 297 Woelfflin.

262 315 410 359 Proleg.
438 326 471 357 p.
508 314 572 351 14).
602 313 680 346 cod.
710 314 739 346 Ο
768 311 990 345 Veronensis
1019 311 1178 345 Publilio
1205 310 1346 343 tribuit.
1397 310 1452 343 Of.
1480 309 1587 343 Publ.
1614 309 1649 343 A
1676 310 1730 345 53.

358 362 389 396 2.
418 360 694 394 ..Omisolandus
734 361 789 392 est
827 359 984 399 amicus,
1028 370 1100 392 non
1143 357 1391 401 obiurgandus
1432 357 1469 390 iu
1506 357 1613 391 rebus
1656 356 1827 390 afflictis“

263 410 452 444 Erasmus.

358 458 389 491 213.
418 453 635 498 „Nunquam
663 454 749 488 satis
777 454 927 487 caveris
978 452 1189 497 Aliquando
1225 451 1379 486 nocendi
1414 454 1469 485 est
1496 451 1698 485 omittenda
1725 462 1827 485 occa-

264 504 327 545 sio,
355 502 507 537 cavendi
535 505 741 545 nunquam‘¹
768 501 952 535 Erasmus.
1003 500 1058 536 Cf.
1085 500 1157 535 Cic.
1185 499 1253 534 Off.
1281 498 1310 532 I.
1337 498 1394 533 40.
1422 498 1466 532 de
1494 498 1628 532 invent.
1657 498 1687 533 Ι.
1715 499 1770 534 27.

357 551 389 584 4.
417 549 511 593 ..Qui
537 548 737 582 assueverit
772 559 915 592 semper
947 548 1122 592 accipere.
1160 548 1188 580 is
1224 548 1328 590 putat
1361 546 1433 579 iam
1469 545 1536 579 sibi
1572 545 1697 579 deberi
1731 545 1828 590 quod

264 599 380 638 datur,
409 597 498 631 adeo
524 599 562 629 ut
591 596 621 629 si
648 595 803 640 negaris,
832 599 982 640 paratus
1011 596 1057 629 sit
1085 595 1227 638 eripere
1256 594 1300 627 vi.
1352 592 1435 627 Hoc
1471 593 1518 626 ad
1552 593 1737 636 principes
1764 603 1825 637 pe-

264 644 645 680 culiarite1·attinet.“
695 642 881 678 Erasmus,

359 693 390 727 ἵ).
418 691 596 736 ..Aegroti
624 690 907 734 intemperantia
934 690 1032 731 facit,
1059 693 1098 723 ut
1124 689 1286 723 medicus
1313 690 1467 732 cogatur
1485 687 1532 721 ad
1550 687 1695 721 duriora
1712 698 1828 721 reme-

265 740 324 774 dia
350 739 580 779 descendere,
608 748 739 781 nempe
766 738 965 772 sectionem
992 741 1053 771 aut
1079 737 1262 771 ustionem
1293 738 1328 769 et
1355 734 1510 769 ’51101110ιι
1537 734 1721 770 Erasmus.
1773 733 1827 768 Of.

266 787 349 821 Sen.
378 798 433 830 ep.
461 785 545 819 XX.
582 785 601 820 6
639 786 741 830 (1¹23)
777 785 830 820 17.
864 785 1003 818 nullam
1041 784 1152 818 habet
1185 795 1286 827 spem
1321 783 1448 816 salutis
1483 793 1601 825 aeger,
1640 793 1748 825 quem
1782 781 1829 815 ad

264 833 586 878 intemperantiam
612 833 775 866 medicus
802 832 980 867 hortatur.
1032 831 1159 876 Quint.
1187 830 1238 866 Π.
1268 831 1321 870 17.
1350 831 1405 865 25.

361 882 392 916 6.
420 880 529 923 „Eius
557 880 631 914 vita
658 880 705 913 sit
732 880 847 913 invisa
886 883 1040 923 oportet,
1075 879 1175 913 cuius
1211 878 1317 912 amici
1351 880 1505 911 mortem
1541 878 1694 920 optant“
1720 875 1829 910 Eras-

265 941 354 969 muS.
382 932 421 962 ut
447 928 493 961 ad
527 940 559 961 v.
588 927 790 961 oderunt
824 927 1047 961 intellexisse
1082 926 1251 960 videatur
1285 925 1450 958 homines
1486 924 1543 958 vel
1578 924 1694 958 cives:
1733 923 1833 966 quod

267 977 387 1010 omitti
413 988 485 1009 non
512 974 646 1009 debuit.
698 974 923 1009 Indicativus
950 974 1157 1007 oderunt
1175 976 1275 1007 recte
1303 984 1339 1006 se
1366 972 1486 1014 habet,
1514 972 1587 1005 sive
1615 971 1833 1005 sententiam

267 1025 341 1058 sive
375 1034 545 1057 numeros
573 1025 727 1066 spectas
779 1021 862 1056 Hoc
889 1022 987 1056 enim
1020 1021 1099 1054 vult
1127 1020 1316 1060 sententia,
1344 1020 1373 1053 si
1400 1020 1499 1053 cuius
1519 1022 1673 1053 mortem
1691 1017 1832 1053 avidius

266 1071 372 1106 amici
407 1069 716 1109 desideraverint,
758 1069 832 1103 eius
870 1069 984 1102 vitam
1023 1068 1163 1102 civibus
1202 1068 1355 1101 invisam
1390 1067 1591 1111 putandam
1624 1077 1712 1101 esse.
1777 1065 1831 1100 Cf.

264 1119 404 1153 Ennius
432 1117 529 1162 apud
557 1116 630 1152 Cic.
660 1116 728 1152 Off.
758 1116 808 1151 [I.
836 1117 867 1151 T.
895 1128 1001 1159 quem
1026 1118 1203 1155 metuunt,
1232 1114 1404 1149 oderunt:
1432 1125 1537 1158 quem
1564 1114 1715 1157 quisque
1740 1112 1829 1154 odit,

268 1166 420 1210 periisse
458 1165 610 1209 expetit.
662 1163 735 1198 Cic.
774 1175 840 1208 pro
874 1163 952 1197 Mil.
984 1164 1039 1198 29.
1079 1163 1154 1196 eius
1193 1162 1307 1207 igitur
1344 1162 1473 1195 mortis
1510 1161 1643 1195 sedetis
1682 1160 1831 1201 ultores,

268 1214 368 1248 cuius
395 1213 510 1246 vitam
537 1213 567 1245 si
601 1211 737 1255 putetis
770 1222 836 1255 per
870 1222 933 1244 vos
968 1210 1113 1244 restitui
1148 1220 1266 1253 posse,
1302 1208 1438 1244 nolitis.
1489 1207 1613 1251 Quint.
1642 1207 1688 1241 V.
1717 1208 1770 1248 14,
1799 1210 1831 1243 2.

269 1260 353 1295 Sen.
382 1260 471 1294 Oed.
499 1260 577 1294 243.
606 1259 769 1302 queritur
794 1261 1025 1302 peremptum
1050 1268 1170 1299 nemo,
1201 1267 1309 1300 quem
1334 1256 1554 1289 incolumem
1580 1255 1695 1290 timet.
1748 1254 1831 1290 Sen.

269 1309 314 1343 de
340 1308 443 1342 clem.
471 1306 501 1342 I.
535 1308 583 1347 19,
613 1307 644 1341 6.
673 1306 703 1340 7.
739 1305 826 1349 quid
852 1305 1038 1349 pulchrius
1074 1307 1128 1338 est
1163 1316 1271 1347 qnam
1296 1303 1418 1337 vivere
1445 1302 1657 1347 optantibus
1693 1302 1833 1337 cunctis

269 1358 306 1390 et
332 1359 417 1389 vota
443 1366 516 1388 non
544 1354 609 1387 sub
642 1353 792 1387 custode
827 1351 1145 1396 nuncupantibus?
1180 1352 1209 1385 si
1242 1351 1407 1395 paullum
1438 1350 1610 1384 valetudo
1646 1349 1831 1390 titubavit,

269 1414 342 1436 non
370 1414 472 1446 spem
498 1401 686 1434 hominum
711 1400 873 1439 excitari,
908 1400 971 1433 sed
998 1399 1161 1433 metum?
1188 1419 1230 1423 —-
1259 1397 1325 1432 Oui
1360 1398 1561 1432 sententiae
1595 1397 1718 1431 nescio
1745 1397 1832 1441 quid

269 1450 441 1484 vernilius
476 1449 623 1483 subesse
648 1447 817 1481 videatur
843 1447 1012 1482 Grutero.
1063 1446 1129 1482 Th.
1161 1449 1283 1480 autem
1308 1445 1531 1479 Fritzschius
1566 1444 1626 1489 (cf.
1653 1444 1831 1479 Ribbeck.

268 1497 403 1531 Coroll.
429 1509 463 1541 p.
493 1495 591 1540 UH.)
624 1495 799 1529 coniecit:
850 1494 888 1530 C.
932 1506 977 1529 m.
1014 1505 1044 1527 a.
1081 1505 1110 1528 e.
1144 1493 1238 1527 filius
1276 1505 1310 1527 v.
1338 1493 1477 1533 oderat,
1517 1504 1598 1526 cuin
1630 1491 1750 1526 nescio
1784 1503 1831 1526 an

270 1548 451 1589 spectaret
486 1543 611 1586 Quint.
648 1541 716 1576 IX.
749 1542 780 1581 3.
809 1542 865 1577 68.
891 1542 1044 1575 Bothius
1071 1536 1367 1581 'coniunctivuim
1403 1551 1510 1584 quem
1542 1543 1674 1573 vocant
1706 1542 1834 1583 poten-

269 1593 404 1628 tialem.
425 1591 606 1635 explicat:
634 1590 753 1623 odisse
778 1590 910 1623 merito
928 1592 1091 1633 possunt.
1142 1588 1438 1632 Exspectare
1458 1590 1513 1622 est
1539 1587 1669 1631 cupide
1696 1589 1834 1631 optare,

271 1640 480 1674 desiderare
507 1638 551 1672 cf.
571 1637 765 1672 Ruhnken.
793 1637 839 1670 ad
857 1636 938 1671 Ter.
958 1635 1118 1680 Adelph.
1147 1635 1175 1671 I.
1203 1636 1234 1676 Q.
1267 1636 1310 1670 29
1337 1635 1399 1679 (ad
1417 1635 1502 1669 Rut.
1523 1634 1615 1678 Lup.
1642 1633 1672 1669 I.
1699 1646 1734 1678 p.
1762 1634 1834 1679 20).

270 1687 519 1721 Penultimam
553 1686 590 1719 in
622 1684 753 1720 tertiae
792 1695 970 1728 personae
1010 1683 1162 1727 pluralis
1201 1683 1301 1716 exitu
1339 1682 1495 1726 perfecti
1528 1685 1735 1726 correptam
1767 1692 1834 1716 nec

270 1734 459 1769 Phaedrus
485 1733 546 1778 [cf.
574 1733 646 1768 fab.
681 1731 731 1766 II.
758 1732 790 1773 4,
825 1732 880 1766 24.
914 1730 986 1766 III.
1022 1732 1054 1771 ⁴2,
1093 1731 1143 1765 19.
1177 1729 1249 1764 ΙΙΙ.
1286 1730 1370 1773 epil.
1403 1730 1459 1764 24.
1492 1728 1560 1764 IV.
1598 1730 1649 1770 15,
1687 1729 1736 1773 2.)
1769 1740 1836 1764 nec

270 1782 451 1816 Publilius
479 1781 574 1826 sugit
601 1780 647 1815 cf.
675 1778 707 1823 Q
734 1780 776 1813 55
804 1780 915 1823 (555).
944 1778 968 1813 S
994 1779 1038 1812 26
1066 1778 1179 1822 (609).
1232 1776 1286 1811 Cf.
1314 1777 1517 1812 Woelfflin.
1544 1775 1690 1821 Proleg.
1718 1788 1752 1820 p.
1780 1776 1835 1812 56.

367 1829 399 1863 7.
427 1828 533 1869 ..Non
560 1831 616 1861 est
642 1826 766 1860 statim
783 1825 971 1860 fidendum
988 1826 1145 1861 inimico.
1197 1823 1321 1858 Facile
1340 1824 1551 1858 dissolvitur
1569 1823 1835 1865 benevolentia,

272 1880 309 1910 at
334 1889 408 1911 non
426 1876 532 1910 facile
553 1875 740 1909 sarcitur⁴⁴
767 1873 952 1907 Erasmus.
1004 1872 1058 1908 Cf.
1085 1871 1335 1907 Pseudo-Seu.
1363 1872 1407 1906 de
1432 1871 1568 1905 remed.
1595 1870 1678 1906 fort.
1698 1870 1784 1906 XV.
1803 1872 1836 1905 1.

270 1924 369 1969 [Seu.
406 1923 534 1968 fragm.
572 1923 627 1957 ed.
665 1921 726 1957 Fr.
753 1920 883 1955 Haasii
917 1921 988 1954 vol.
1015 1919 1088 1954 ΙΙΙ.
1116 1932 1150 1961 p.
1178 1919 1279 1963 4550:
1318 1919 1499 1963 quomodo
1526 1918 1697 1952 adversus
1738 1917 1835 1952 feras

270 1972 497 2005 munimenta
534 1970 778 2013 conquireres,
815 1968 996 2012 quomodo
1030 1967 1203 2001 adversus
1240 1970 1436 2011 serpentes,
1484 1967 1535 2000 sic
1569 1965 1741 2000 adversus
1767 1965 1834 1999 ini-

271 2020 385 2053 micos
412 2018 547 2051 auxilia
573 2016 826 2060 circumspice,
853 2016 983 2059 quibus
1010 2015 1093 2049 illos
1122 2017 1183 2048 aut
1209 2025 1333 2048 arceas
1353 2017 1415 2047 aut
1433 2024 1641 2057 compescas
1660 2016 1722 2047 aut
1740 2013 1836 2056 quod

272 2067 451 2111 optimum
479 2069 544 2105 est,
572 2065 706 2109 places,

367 2114 399 2148 8.
427 2112 571 2157 ..Magis
610 2115 715 2146 nocet
749 2111 951 2155 periculum
984 2110 1051 2150 his,
1091 2109 1151 2153 qui
1194 2109 1403 2154 neglegunt,
1443 2116 1553 2151 quam
1586 2108 1648 2151 qui
1682 2110 1835 2142 cavent“

272 2161 457 2195 Erasmus.

368 2209 399 2243 9.
427 2207 589 2247 ..Pudica
616 2217 707 2239 uxor
732 2205 800 2239 hoc
826 2205 1000 2249 impetrat
1029 2204 1202 2248 obsequio
1229 2214 1304 2243 suo,
1340 2206 1379 2236 ut
1406 2202 1578 2246 quicquid
1612 2203 1701 2237 velit
1727 2201 1837 2236 faciat

273 2256 424 2289 maritus
451 2258 487 2288 et
513 2254 629 2298 magis
655 2253 840 2297 impetrat.
876 2264 959 2286 cum
986 2252 1209 2296 obsequitur,
1243 2262 1348 2294 quam
1380 2261 1460 2283 cum
1487 2250 1624 2294 exigit“
1651 2249 1836 2284 Erasmus.

274 2302 328 2337 Cf.
361 2302 490 2346 Eurip.
526 2313 582 2345 ap.
620 2300 721 2336 Stob.
756 2299 853 2335 Flor.
882 2304 906 2333 t.
941 2300 995 2334 67.
1031 2300 1063 2333 ⁴2.
1097 2299 1192 2332 πᾶσα
1226 2299 1292 2343 γάρ
1326 2295 1430 2338 δούλη
1465 2300 1620 2342 πέφυκεν
1654 2295 1784 2343 ἀνδρὸς
1816 2294 1836 2339 ἡ

274 2351 428 2395 σώφρων
460 2350 559 2393 γυνή.

372 2398 423 2431 lo.
453 2396 739 2441 ..Arrogantiam
766 2406 909 2439 semper
936 2394 1100 2438 sequitur
1126 2393 1286 2428 infamia.
1337 2392 1383 2426 Et
1416 2392 1477 2436 qui
1495 2391 1696 2426 insolenter
1721 2391 1838 2425 utitur

274 2445 403 2489 gloria,
430 2443 563 2477 incidit
589 2443 627 2476 in
652 2443 913 2487 ignominiam‘*
940 2441 1127 2475 Erasmus.

371 2493 424 2527 11.
452 2490 537 2532 „Ira
572 2501 746 2534 praeceps
782 2493 846 2529 est,
884 2489 1081 2533 prudentia
1114 2489 1251 2522 sedata.
1302 2486 1384 2520 Hac
1418 2487 1524 2520 citius
1560 2485 1706 2527 efficies,
1745 2497 1838 2529 quae

276 2539 385 2579 voles.
414 2550 521 2582 quam
545 2537 719 2571 violentia
749 2541 785 2571 et
818 2536 1034 2571 ferocitate“
1064 2535 1250 2569 Erasmus.
1301 2534 1353 2569 Cf.
1381 2533 1465 2569 Sen.
1501 2534 1545 2568 de
1571 2533 1612 2569 ir.
1639 2532 1670 2568 I.
1706 2533 1760 2573 11,
1799 2533 1837 2568 1;

276 2586 339 2620 sed
365 2587 538 2621 adversus
565 2585 697 2625 hostes,
725 2585 854 2628 inquit,
881 2584 935 2617 ira
962 2587 1016 2618 est
1042 2581 1270 2617 necessaria?
1300 2593 1478 2625 nusquam
1504 2581 1641 2615 minus:
1677 2580 1739 2614 ubi
1764 2591 1838 2613 11011

276 2633 408 2668 effusos
436 2644 513 2667 esse
541 2635 686 2676 oportet
713 2632 880 2675 impetus.
910 2627 973 2665 sed
999 2634 1222 2674 temperatos
1250 2633 1285 2663 et
1312 2628 1536 2663 obedientes.
1588 2627 1672 2661 Nat.
1699 2630 1837 2671 quaest.

276 2680 328 2716 II.
355 2681 411 2722 43.
439 2682 470 2715 2.
498 2680 566 2713 hoc
593 2679 662 2713 sibi
689 2683 904 2723 proponant.
934 2678 995 2711 ubi
1021 2677 1160 2721 aliquid
1186 2676 1328 2721 percuti
1356 2675 1474 2715 debet,
1508 2686 1553 2709 ne
1578 2674 1665 2708 Jovi
1691 2674 1838 2718 quidem

277 2740 381 2761 suum
409 2728 495 2761 satis
524 2738 601 2760 esse
629 2726 828 2761 consilium.
881 2726 1003 2769 Quint.
1023 2724 1091 2759 VI.
1111 2726 1143 2767 4,
1174 2725 1226 2759 10.
1253 2734 1363 2767 quare
1390 2723 1504 2757 bonus
1524 2722 1722 2756 altercator
1746 2722 1839 2755 vitio
