1967 3090
856 82 1178 126 —168—

235 196 362 230 cadem
377 197 627 240 pronuntiatio
642 197 722 240 plus
748 197 1008 232 admovendos
1024 198 1174 232 affectus
1205 198 1284 232 sub
1311 210 1505 243 persona
1523 201 1632 235 valet.
1666 201 1797 247 Itaque

232 244 325 277 risus
354 243 434 277 sul)
470 255 672 287 persona
699 248 914 287 personatus
939 246 1002 284 (cf.
1031 245 1113 280 8011.
1140 257 1196 289 cp.
1223 245 1292 280 XI.
1320 247 1336 280 1
1365 246 1444 291 (80)
1471 248 1510 291 8)
1537 248 1631 282 risus
1658 252 1714 283 est
1739 250 1795 284 vel

233 302 340 333 quem
370 302 566 334 persona
594 292 668 324 sive
688 291 788 325 larva
805 292 865 337 (cf.
885 292 981 327 Gen.
1001 293 1082 327 NA.
1103 292 1147 327 V.
1167 293 1205 335 Γ)
1223 293 1274 327 sic
1293 294 1447 337 operuit,
1467 297 1507 328 ut
1530 295 1676 329 facies
1695 295 1796 340 (8011.

235 338 279 370 de
298 337 417 372 benef.
438 337 489 371 ΙΙ.
510 339 563 378 13,
583 340 621 376 2]
641 340 801 381 spectari
819 351 892 372 non
910 341 1036 383 possit.
1081 340 1141 373 810
1160 339 1394 383 Francogalli
1412 341 1500 375 olim
1518 341 1689 377 dicebant
1706 345 1797 379 rire

236 396 283 417 so
297 396 343 417 us
370 385 422 417 bo
436 396 541 419 urre
568 385 624 419 vel
651 397 757 419 sous
785 386 825 419 10
844 387 1083 421 bourrelet
1104 387 1152 420 de
1180 398 1258 421 son
1282 387 1518 433 chaperon
1536 388 1556 421 i.
1576 400 1606 424 e.
1622 389 1688 423 sub
1708 391 1796 434 pilei

235 431 448 465 umbraculo
485 432 549 475 (cf.
586 432 794 477 Mesanger.
822 432 919 469 Dict.
948 434 1009 468 des
1038 434 1206 478 proverb.
1234 434 1362 478 Franc.
1389 446 1424 478 p.
1451 435 1523 479 81.)
1550 447 1644 470 nunc
1671 437 1797 472 dicunt

236 479 333 512 rire
369 491 473 513 sous
509 491 619 523 cape
652 479 708 513 vel
735 480 825 514 rire
860 481 974 514 dans
1002 482 1041 514 la
1068 481 1205 515 barbe
1238 482 1289 525 (sp.
1316 482 1379 525 88)
1405 493 1470 516 nos
1497 483 1670 517 dicimus:
1696 485 1796 526 „sich

232 525 300 558 in's
319 525 526 560 Faustchen
546 526 710 561 13011011.“
736 526 816 560 Ι3111
842 527 946 562 fictas
966 540 1073 572 saepe
1091 528 1148 562 vel
1166 529 1429 563 consuetudine
1447 530 1504 563 vel
1523 531 1677 564 consilio
1695 533 1797 575 quasi

237 572 283 606 ad
319 574 568 616 spectaculum
595 574 770 618 profundi
804 575 983 615 lacrimas,
1011 587 1102 619 quac
1129 588 1201 609 non
1227 587 1270 610 ex
1296 587 1380 610 vero
1408 577 1519 610 animi
1544 577 1700 619 adfectu,
1732 579 1796 613 sed

233 621 490 654 ostentationis
525 632 633 655 causa
676 621 867 664 eiciuntur,
907 623 985 666 quis
1031 626 1087 657 est
1120 623 1181 666 qui
1214 623 1376 657 nesciat?
1413 622 1553 658 Seneca
1578 625 1724 667 quidem
1752 626 1797 661 de

231 670 349 710 tranq.
386 668 493 701 anim.
529 667 614 702 XV.
642 669 672 704 6.
708 669 873 712 plerique
899 669 1074 709 homines,
1108 670 1237 713 inquit,
1264 670 1432 712 fundunt,
1459 674 1499 704 ut
1526 672 1732 714 ostendant,
1760 676 1795 707 et

231 715 368 748 totiens
402 715 515 748 siccos
551 716 673 750 oculos
711 715 858 757 habent,
895 717 1063 760 quotiens
1092 720 1278 761 spectator
1304 717 1432 758 defuit,
1460 721 1567 762 turpe
1593 718 1796 755 iudicantes

231 773 305 795 non
339 762 437 802 flere.
473 774 555 796 cum
590 775 714 797 omnes
750 764 899 797 faciant.
950 764 1054 797 Idem
1089 776 1145 808 ep.
1172 764 1278 800 XVI.
1313 765 1334 798 4
1360 765 1438 809 (99)
1464 765 1519 800 20.
1546 777 1612 800 nec
1639 770 1795 808 cessant,

231 809 359 852 inquit.
399 821 465 843 nec.
501 810 618 843 fluunt
653 822 814 853 unquam
848 814 924 844 tam
958 812 1124 855 turpiter,
1161 823 1268 855 quam
1302 811 1503 856 finguntur.
1564 812 1663 856 Quid
1697 814 1795 857 quod

231 855 405 889 laudatur
437 857 548 891 etiam
575 869 595 890 a
621 857 780 892 Crrutero
807 858 977 892 Lucanus
1004 858 1199 892 Caesarem
1232 858 1344 892 allato
1370 858 1538 903 Pompeii
1564 860 1685 904 capite
1711 862 1794 896 illa·

232 903 446 937 crimantein
464 904 519 937 his
538 905 703 938 versibus
723 905 806 946 (IX.
831 905 1079 950 104lflw44)
1097 906 1323 940 describens:
1353 906 1546 947 „lacrimas
1565 919 1639 941 non
1661 911 1794 952 sponte

231 950 403 984 cadentes
431 950 559 985 effudit
585 952 814 996 gemitusque
840 954 1018 996 expressit
1046 957 1194 996 pectore
1221 953 1331 993 laeto,
1358 964 1431 987 non
1458 954 1567 988 aliter
1595 955 1795 990 manifesta

232 1000 367 1040 putans
396 998 620 1032 abscondere
646 1000 779 1033 mentis
799 999 933 1043 gaudia
959 1012 1068 1043 quam
1095 999 1282 1034 lacrimis?
1316 999 1368 1034 Ut
1402 1000 1470 1034 hoc
1497 1012 1615 1041 versu,
1650 1002 1696 1036 de
1724 1014 1795 1045 quo

234 1044 472 1087 disputamus,
493 1045 673 1080 Publilius
694 1046 879 1080 hominem
897 1048 1079 1090 quendam
1092 1047 1234 1081 inducit
1249 1046 1467 1081 hereditatis
1483 1049 1640 1089 avidum,
1661 1050 1723 1092 qui
1736 1050 1793 1084 vel

234 1092 353 1125 amico
381 1104 493 1137 aegro
523 1093 706 1134 adsidens,
734 1097 773 1127 ut
800 1095 851 1128 ait
879 1095 1018 1128 Seneca
1044 1106 1098 1137 ep.
1126 1093 1212 1129 XV.
1241 1095 1260 1129 3
1287 1094 1364 1138 (95)
1400 1094 1456 1129 43.
1495 1096 1651 1130 vulturis
1677 1097 1795 1131 instar

233 1139 391 1173 cadaver
417 1143 607 1184 exspectet
634 1137 690 1174 ve‘l
718 1141 841 1175 divitis
877 1141 1029 1175 alicuius
1057 1142 1183 1175 funera
1208 1141 1313 1175 heres
1341 1141 1497 1185 scriptus
1517 1143 1686 1177 videatur
1710 1156 1794 1187 pro-

232 1186 333 1229 sequi
367 1198 449 1220 cum
481 1188 620 1231 gemitu
660 1199 701 1221 ac
728 1188 825 1227 fletu,
868 1188 932 1222 sed
973 1200 1012 1222 re
1046 1199 1131 1222 vera
1166 1199 1249 1222 cum
1282 1188 1358 1221 risu
1392 1192 1643 1233 prosequatur.
1694 1190 1794 1225 Hinc

231 1237 330 1267 recte
355 1233 530 1268 Erasmus
558 1235 779 1268 sententiam
814 1235 864 1269 sic
898 1235 1075 1279 explicat:
1113 1235 1259 1277 „Fletus
1287 1235 1431 1269 heredis
1466 1239 1521 1270 est
1546 1237 1639 1270 risus
1666 1249 1793 1281 perso-

232 1285 339 1314 natus
380 1281 402 1315 i.
429 1293 459 1315 e.
487 1282 749 1323 dissimulatus,
782 1283 920 1326 gaudet
953 1283 1049 1316 enim
1084 1283 1227 1316 etiamsi
1260 1282 1355 1318 fleat.
1395 1282 1449 1318 Cf.
1483 1283 1575 1319 Hor.
1611 1283 1727 1318 Serm.
1753 1285 1793 1319 Π

235 1328 267 1368 5,
298 1328 374 1363 102.
404 1327 487 1363 8011.
517 1340 573 1372 ep.
601 1329 686 1364 XX.
716 1332 735 1364 b*
764 1330 867 1374 (123)
894 1331 948 1365 11.
975 1329 1131 1365 Phaedr.
1157 1329 1226 1364 IV.
1256 1330 1308 1370 19,
1338 1330 1392 1365 18.

324 1376 378 1409 20.
395 1374 579 1419 „Quidam
592 1376 736 1410 codices
751 1377 888 1411 habent
902 1376 1023 1411 ferre
1042 1389 1108 1421 pro
1129 1377 1255 1412 scire.
1281 1376 1403 1411 Satius
1418 1380 1473 1411 est
1492 1377 1612 1411 ferre
1631 1379 1791 1422 qualem-

227 1433 368 1465 cunque
395 1423 567 1457 heredem
594 1435 703 1467 quam
728 1425 872 1459 nullum
898 1424 1043 1458 habere.
1095 1423 1133 1458 Si
1147 1425 1250 1469 legas
1278 1425 1369 1458 scir
1380 1435 1408 1465 e,
1437 1436 1561 1458 sensus
1589 1428 1659 1459 est:
1689 1437 1792 1470 prae-

228 1472 301 1502 stat
336 1469 471 1503 habere
505 1470 652 1509 liberos,
688 1471 821 1514 quibus
857 1474 919 1505 tua
953 1471 1154 1515 relinquas,
1188 1483 1294 1515 quam
1329 1472 1608 1516 circumspicere
1643 1473 1791 1513 alienos,

227 1516 358 1559 quibus
376 1520 438 1550 tua
456 1517 663 1561 101111011138ἂι
689 1517 875 1552 Erasmus.
903 1518 979 1553 Fie
991 1519 1030 1552 ri
1049 1522 1084 1553 et
1103 1518 1226 1553 ferre
1245 1519 1396 1553 confusa
1421 1520 1459 1552 in
1477 1519 1555 1553 cod.
1575 1519 1604 1553 Τ
1622 1520 1667 1554 cf.
1685 1519 1793 1555 Publ.

227 1562 266 1596 M
296 1565 312 1597 1
341 1565 454 1608 (309).
499 1564 711 1600 Sententiae
730 1577 881 1600 acumen
906 1566 943 1599 in
960 1566 1081 1599 verbis
1109 1565 1219 1600 fieri
1245 1569 1281 1600 et
1307 1578 1537 1610 quaerere
1564 1578 1642 1601 esse
1660 1578 1792 1612 cogno-

233 1611 359 1652 scitur,
400 1615 439 1645 ut
464 1613 580 1656 magis
617 1624 634 1646 e
668 1624 707 1646 re
742 1624 820 1647 esse
854 1614 998 1647 dicatur
1031 1613 1188 1647 alienam
1221 1625 1351 1657 capere
1386 1613 1645 1655 hereditatem,
1681 1626 1790 1658 quam

232 1669 418 1700 quaerere,
448 1670 469 1691 a
495 1671 566 1702 quo
592 1662 655 1693 tua
675 1661 861 1704 capiatur:
888 1660 925 1693 id
952 1660 1048 1704 quod
1074 1672 1094 1693 a
1120 1661 1328 1694 comoediae
1356 1661 1509 1705 argutiis
1527 1673 1569 1695 ac
1586 1661 1790 1697 festivitate

227 1716 301 1738 11011
324 1706 468 1739 videtur
493 1706 702 1742 abhorrere.
756 1707 985 1741 Heredem
1011 1707 1122 1741 fieri
1148 1708 1238 1741 dicit
1265 1707 1445 1751 Ulpianus
1473 1708 1517 1741 de
1551 1709 1651 1753 legit.
1687 1709 1789 1743 here-

229 1752 335 1786 dibus
361 1754 408 1786 tit
433 1753 577 1787 XXVI.
606 1755 648 1788 de
676 1755 748 1788 suis
775 1755 897 1790 hered.
933 1756 963 1789 2.
992 1755 1165 1798 quamdiu
1191 1766 1274 1788 suus
1308 1755 1413 1788 heres
1449 1759 1618 1799 speratur
1651 1755 1791 1790 heres

229 1799 341 1833 fieri
367 1812 485 1844 posse,
512 1801 653 1835 tamdiu
678 1801 780 1835 locus
808 1802 950 1845 agnatis
976 1813 1049 1835 non
1076 1805 1140 1837 est.
1168 1801 1223 1836 Cf.
1250 1801 1354 1837 Publ.
1382 1801 1420 1836 M
1450 1803 1491 1837 15
1517 1803 1630 1847 (323).

324 1848 378 1881 21.
412 1847 561 1881 Locus
588 1848 830 1882 maledicti
857 1852 912 1882 est
929 1850 1082 1882 materia
1107 1849 1351 1883 maledicendi
1376 1849 1434 1882 vel
1452 1850 1659 1895 argumenti
1677 1850 1790 1884 sedes.

232 1904 274 1926 ex
301 1906 371 1936 qua
390 1895 483 1928 iusta
509 1895 752 1930 maledicendi
770 1907 878 1929 causa
903 1899 1060 1940 petatur.
1099 1896 1154 1930 Cf.
1171 1897 1245 1930 Cic.
1264 1896 1354 1940 Top.
1374 1896 1425 1932 II.
1445 1896 1507 1930 Or.
1525 1897 1581 1938 48,
1603 1898 1680 1931 162.
1708 1896 1790 1931 Div.

229 1939 282 1974 Π.
312 1943 340 1976 1.
369 1941 438 1976 Off.
465 1941 496 1977 I.
526 1942 578 1977 14.
606 1941 730 1985 Quint.
757 1943 823 1977 IV.
850 1954 1001 1987 prooem
1028 1944 1059 1978 4.
1087 1942 1169 1979 Sen.
1197 1955 1253 1988 ep.
1282 1943 1325 1979 V.
1354 1944 1373 1978 6
1400 1944 1478 1987 (47)
1505 1945 1559 1978 11.
1602 1944 1791 1979 Habere

230 1991 353 2022 autem
381 1989 562 2032 significat
589 1991 720 2024 afferre
756 1990 802 2026 cf.
829 1990 903 2026 Cic.
937 2002 1003 2034 pro
1030 1990 1126 2025 Mur.
1158 1992 1216 2026 40.
1242 1991 1298 2025 41.
1333 1990 1411 2024 Cat.
1438 1990 1506 2026 IV.
1535 1992 1570 2031 4,
1597 1992 1628 2026 7.
1662 1991 1729 2026 Off.
1758 1991 1788 2027 I.

232 2035 285 2069 14.
313 2035 413 2069 Caes.
441 2036 514 2071 BC.
533 2036 563 2070 I.
591 2038 646 2072 63.
668 2037 720 2072 Π.
741 2038 796 2071 31.
823 2037 913 2071 Cum
932 2038 1101 2081 genetivo
1120 2038 1173 2071 rei
1192 2038 1425 2082 coniungitur
1442 2038 1591 2072 locum
1613 2038 1789 2072 habere

229 2093 248 2114 3
284 2081 364 2117 Ter.
393 2084 509 2118 Andr.
546 2083 596 2118 II.
630 2087 655 2125 l,
696 2086 748 2119 10.
791 2096 907 2128 neque
946 2085 1009 2128 pol
1037 2085 1168 2119 consili
1210 2086 1329 2119 locum
1362 2085 1479 2118 habeo
1514 2097 1630 2129 neque
1664 2085 1788 2119 auxilii

229 2129 383 2172 copiam.
435 2130 535 2164 Hinc
563 2132 743 2165 sententia
770 2131 888 2172 docet,
917 2133 946 2165 si
973 2144 1044 2175 qua
1070 2132 1202 2166 mulier
1220 2133 1295 2166 sive
1314 2132 1472 2166 divortio
1499 2132 1599 2166 facto
1618 2133 1692 2166 sive
1710 2133 1789 2166 viro

230 2176 404 2210 defuncto
431 2189 542 2212 novas
570 2190 714 2222 semper
739 2180 887 2223 nuptias
914 2179 1035 2220 faciat,
1062 2191 1233 2224 magnam
1258 2180 1296 2213 in
1322 2179 1453 2223 vulgus
1479 2179 1559 2213 fieri
1584 2180 1728 2223 copiam
1754 2183 1789 2213 et

229 2224 423 2257 materiam
456 2225 709 2261 maledicendi.
745 2226 848 2260 Haec
866 2226 1058 2260 Erasmus:
1101 2226 1267 2271 „Vulgus
1306 2227 1402 2260 male
1429 2227 1539 2260 sentit
1565 2227 1610 2260 de
1636 2227 1787 2260 muliere

230 2271 374 2314 saepius
401 2275 548 2315 nupta.“
590 2272 645 2308 Cf.
672 2272 779 2308 Publ.
806 2273 846 2307 M
872 2273 916 2308 32
944 2274 1058 2318 (340).
1098 2273 1252 2307 Hieron.
1281 2274 1362 2309 adv.
1389 2273 1508 2307 Iovin.
1529 2273 1559 2307 I.
1582 2275 1636 2308 15.
1654 2285 1689 2317 p.
1711 2274 1788 2308 190.

228 2316 329 2360 (Seu.
357 2318 488 2363 fragm.
517 2319 571 2352 ed.
599 2319 655 2353 Fr.
684 2319 814 2354 Haasii
832 2320 902 2355 vol.
930 2319 1004 2354 III.
1031 2332 1065 2364 p.
1094 2321 1173 2360 430,
1203 2322 1285 2365 61);
1313 2321 1376 2354 1113
1403 2320 1613 2365 (Terentia)
1639 2321 1784 2354 interim

231 2365 363 2398 coniux
390 2367 540 2410 egregia
567 2369 603 2400 et
629 2379 720 2410 quae
748 2368 792 2401 de
821 2367 983 2401 fontibus
1011 2367 1189 2401 Tullianis
1216 2368 1386 2401 hauserat
1412 2368 1639 2412 sapientiam,
1665 2367 1789 2411 nupsit

231 2410 404 2453 Salustio,
432 2413 579 2447 inimico
607 2414 692 2454 eius,
722 2418 757 2448 et
782 2416 893 2449 tertio
919 2414 1114 2449 Messallae
1140 2414 1298 2448 Corvino
1328 2418 1364 2448 et
1390 2415 1494 2458 quasi
1519 2426 1585 2458 per
1610 2415 1787 2458 quosdam

230 2459 365 2500 gradus
401 2460 632 2503 eloquentiae
666 2461 837 2495 devoluta
873 2465 937 2496 est.
977 2461 1071 2496 Ibid.
1111 2474 1145 2506 p.
1187 2462 1264 2496 191.
1299 2462 1386 2506 (vol.
1419 2461 1492 2496 IH.
1527 2474 1561 2505 p.
1597 2462 1676 2503 431,
1708 2461 1786 2506 GSJ:

232 2504 417 2548 Quasdam
436 2507 648 2550 repudiatas
664 2509 779 2542 altero
798 2509 1009 2552 nuptiarum
1028 2509 1086 2542 die
1105 2510 1229 2542 statim
1247 2509 1413 2553 nupsisse
1432 2508 1606 2553 legimus:
1634 2511 1787 2552 uterque

232 2553 556 2595 reprehendendus
583 2555 735 2589 maritus
763 2560 798 2589 et
825 2556 882 2589 cui
908 2559 984 2589 tam
1010 2556 1084 2589 cito
1111 2556 1298 2600 displicuit
1325 2560 1358 2589 et
1378 2556 1435 2589 0111
1453 2559 1529 2589 tam
1546 2556 1619 2588 cito
1638 2555 1786 2599 placuit.

231 2599 330 2633 Huic
349 2600 492 2634 levitati
521 2603 743 2635 contrarium
769 2603 977 2646 exemplum
1003 2602 1181 2637 Marciam
1208 2602 1319 2637 fuisse
1346 2606 1471 2636 narrat
1497 2602 1645 2636 Catonis
1673 2602 1786 2635 filiam

232 2647 410 2681 minorem
436 2648 524 2681 ibid.
552 2660 585 2692 p.
617 2649 693 2684 188.
722 2649 809 2692 (Jvol.
836 2649 909 2683 III.
937 2661 971 2693 p.
999 2650 1078 2689 432,
1107 2651 1186 2687 73):
1214 2661 1306 2693 quae
1332 2662 1413 2683 cum
1438 2649 1582 2693 lugeret
1606 2649 1725 2682 virum
1750 2652 1786 2682 et

231 2696 420 2728 matronae
453 2695 498 2728 ab
524 2707 566 2729 ea
593 2700 818 2738 quaererent,
852 2708 959 2740 quem
986 2696 1083 2730 diem
1108 2696 1261 2730 haberet
1288 2697 1406 2731 luctus
1434 2697 1613 2735 ultimum,
1642 2695 1785 2736 dixisse,
