1967 3090
771 142 818 147 --
882 119 966 162 215
1033 143 1083 148 —

246 234 300 269 28.
339 233 439 267 Nihil
466 234 596 268 mirum
622 238 686 268 est.
725 234 821 278 quod
854 235 1057 278 quicunque
1090 235 1165 268 voti
1201 234 1391 267 damnatus
1418 238 1483 274 est,
1518 233 1695 278 perfacile

153 285 278 316 votum
311 281 416 316 iacit:
455 292 564 324 quare
602 281 666 315 illa
704 281 761 315 vel
787 292 877 324 quae
902 282 940 314 in
966 280 995 314 F
1022 281 1163 325 legitur
1203 281 1260 314 vel
1287 292 1377 324 quae
1404 281 1537 315 Bothio
1564 282 1695 326 placet,

152 328 335 363 sententia
363 328 454 361 nihil
485 328 689 373 languidius
716 332 780 363 est.
832 328 1012 371 Equidem
1044 332 1078 361 et
1114 339 1180 372 pro
1207 340 1229 361 v
1240 332 1315 362 ota
1342 329 1470 372 scripsi
1496 340 1518 361 v
1528 329 1595 362 011
1623 330 1698 362 sive

151 376 255 409 vult
280 379 315 409 01
341 387 556 419 quamquam
584 375 692 409 scribi
719 379 880 419 poterzat
918 375 1057 418 „quod
1082 375 1180 408 vult
1208 375 1445 419 imperans
1472 375 1529 410 vel
1554 377 1696 420 impe-

153 423 305 456 ritans
334 443 377 446 —
403 423 521 467 magis
553 422 621 456 hoc
655 422 858 466 imperandi
891 422 1100 466 superbiam
1133 422 1316 466 significat
1350 443 1391 447 —
1427 425 1550 456 tamen
1575 423 1696 463 xerba,

153 473 193 504 ut
225 473 308 503 sunt
344 470 551 514 saepissime
578 470 613 503 in
639 469 694 502 his
721 469 906 503 codicibus
932 469 1157 513 perturbata,
1193 481 1427 503 numerorum
1453 481 1559 503 causa
1586 471 1698 504 malui

151 517 356 561 transponi:
398 518 654 561 „imperans
687 516 803 560 quod
836 516 934 549 vult
968 516 1121 551 facit.³‘
1163 515 1218 549 De
1253 517 1431 550 sententia
1465 516 1509 551 cf.
1537 516 1642 551 Publ.
1670 518 1697 551 C

154 564 197 599 36
225 564 336 608 (121).
379 563 414 597 D
440 564 482 598 24
511 564 622 608 (146).
666 562 685 596 Ι
715 564 754 597 l?
781 563 895 607 (246).

245 611 299 646 29.
327 610 382 644 Ι)0
409 611 588 645 sententia
614 610 660 645 cf.
687 609 791 644 Publ.
818 609 848 643 P
875 611 917 644 12
943 610 1053 655 (461).

244 659 298 693 30.
327 657 554 702 Quamquam
587 658 797 697 honeste,
833 657 929 700 quod
963 669 1007 691 ex
1041 658 1249 691 coniectura
1282 657 1424 691 addidit
1451 657 1696 699 V'oelfflinus,

149 705 337 739 commode
363 705 559 749 respondet
585 705 618 738 ei
643 704 740 748 quod
766 705 928 748 sequitur
952 705 1180 749 turpiter,
1208 709 1332 738 tamen
1358 716 1439 738 cum
1462 705 1562 738 nulla
1581 706 1617 738 in
1636 717 1697 739 00-

149 752 289 786 dicibus
316 752 531 786 Publilianis
566 751 791 794 frequentior
817 752 862 785 sit
888 752 1108 796 corruptela
1142 763 1249 796 quam
1275 752 1386 785 verba
1413 752 1545 785 similia
1571 753 1696 787 simili-

149 799 216 833 bus
242 799 541 834 antecedentibus
575 800 677 842 quasi
702 799 842 832 hauriri
874 802 982 843 atque
1008 800 1059 833 ita
1085 799 1236 840 absumi
1264 803 1303 832 ut
1330 799 1523 833 xideantur
1548 800 1696 834 interci-

150 847 245 881 disse
287 847 331 881 cf.
366 846 471 881 Publ.
514 845 548 880 D
581 847 603 880 4
637 846 752 891 (126).
794 845 824 879 F
858 847 878 881 9
904 847 1004 890 (174)
1043 846 1063 880 I
1092 848 1132 881 15
1161 847 1272 891 (244).
1316 845 1346 879 P
1373 846 1554 891 4611495).
1594 846 1626 891 Q
1653 848 1696 882 35

148 894 258 938 (535).
299 893 332 937 Q
357 894 401 928 36
427 894 538 938 (536).
578 893 614 926 V
640 893 659 927 7
687 894 802 938 (635).
840 893 952 937 praef.
981 906 1015 937 p.
1045 894 1098 929 18.
1111 907 1118 926 :
1159 894 1269 927 etiam
1301 893 1369 927 1100
1395 893 1474 928 1000
1500 894 1613 927 xerba
1641 895 1695 928 ad

149 952 293 974 assem
331 947 414 984 post
451 940 719 985 perdidisse
757 941 988 974 intercidisse
1022 941 1191 975 arbitror.
1242 941 1304 975 As
1338 952 1420 974 cum
1453 941 1499 974 sit
1525 942 1695 975 minimus

147 988 268 1031 pretio
307 988 403 1031 apud
437 987 620 1022 Romanos
658 999 824 1021 nummus
860 988 905 1022 cf.
932 987 1031 1022 Petr.
1059 987 1134 1023 Sat.
1171 989 1225 1023 ῖῖ.
1258 987 1336 1023 Iuv.
1364 987 1470 1022 XIV.
1508 989 1586 1024 301.
1617 989 1694 1023 302.

148 1033 271 1078 Quint.
300 1034 367 1070 VI.
395 1035 425 1075 5,
454 1035 509 1069 59.
537 1035 635 1069 cuius
663 1038 717 1068 est
743 1036 886 1080 generis
912 1035 949 1069 id
975 1036 1145 1081 Augusti,
1173 1035 1234 1078 qui
1259 1035 1366 1069 militi
1385 1035 1550 1069 libellum
1567 1036 1696 1070 timide

146 1083 358 1126 porrigenti,
385 1083 470 1124 noli,
497 1083 624 1126 inquit,
652 1082 830 1121 dubitare,
856 1086 1031 1126 tanquam
1057 1094 1203 1116 assem
1228 1082 1421 1126 elephanto
1437 1082 1509 1118 des.
1530 1081 1614 1117 Sen.
1640 1095 1695 1128 ep,

147 1128 231 1163 XX.
259 1129 278 1164 6
306 1130 408 1174 (123)
437 1132 491 1165 11.
518 1130 607 1163 13103
634 1130 756 1163 tristes
783 1134 819 1163 et
838 1130 1092 1173 superciliosos
1111 1130 1250 1164 alienae
1276 1130 1374 1164 vitae
1400 1141 1580 1170 censores,
1610 1142 1695 1165 suae

146 1176 280 1217 hostes,
316 1177 481 1220 publicos
509 1176 741 1222 paedagogos
769 1177 891 1210 assis
917 1189 962 1211 ne
988 1178 1117 1211 feceris
1144 1189 1209 1211 nec
1236 1177 1459 1211 dubitaveris
1486 1177 1620 1211 bonam
1645 1178 1696 1211 vi-

146 1226 222 1257 tam
248 1235 354 1266 quam
382 1225 588 1268 opinionem
614 1223 747 1257 bonam
772 1225 899 1257 malle:
935 1224 989 1257 ad
1015 1236 1163 1258 assem
1187 1224 1383 1268 perdere
1410 1224 1589 1270 significat
1618 1237 1696 1269 per-

147 1271 233 1304 dere
259 1271 388 1311 omnia,
423 1275 463 1304 ut
489 1282 533 1304 ne
559 1271 749 1304 minimum
775 1272 921 1314 quidem
946 1275 1071 1307 restet.
1113 1271 1166 1306 Cf.
1193 1271 1284 1305 Hor.
1313 1283 1370 1315 ep.
1397 1271 1448 1305 II.
1476 1274 1507 1312 2,
1545 1273 1694 1307 26-28.

146 1317 292 1351 Luculli
326 1318 428 1352 miles
465 1318 619 1352 collecta
645 1318 777 1352 viatica
802 1319 925 1352 multis
953 1320 1143 1359 aerumnis,
1170 1319 1284 1353 lassus
1312 1319 1397 1353 dum
1423 1322 1534 1353 noctu
1561 1320 1692 1360 stertit,

147 1365 200 1398 ad
226 1376 373 1398 assem
398 1365 691 1409 perdiderat.
742 1364 798 1399 De
823 1377 855 1399 V.
890 1366 1070 1399 mallem
1104 1378 1185 1400 cum
1219 1366 1282 1399 inf.
1309 1365 1401 1410 perf.
1429 1367 1623 1400 coniuncto
1650 1367 1694 1403 cf.

145 1410 228 1445 Sen.
256 1412 300 1445 (10
327 1412 446 1447 benef.
473 1412 540 1445 IV.
571 1412 623 1453 10,
643 1413 674 1447 3.
702 1424 811 1456 quam
836 1424 943 1457 saepe
966 1413 1154 1447 hominum
1179 1413 1412 1447 donationem
1446 1425 1546 1446 suam
1571 1415 1694 1448 1110011-

145 1459 278 1492 sultam
321 1459 592 1503 obiurgantium
632 1459 724 1493 hanc
767 1461 976 1494 exaudimus
1018 1472 1160 1494 vocem:
1204 1461 1388 1494 mallem
1426 1460 1695 1504 perdidisse

146 1518 277 1549 quam
314 1507 391 1540 illi
431 1506 638 1540 dedisse?
681 1527 722 1530 —
762 1506 845 1541 Hoc
877 1508 990 1551 igitur
1024 1508 1205 1541 sententia
1229 1513 1415 1551 praestare
1442 1508 1547 1541 (10001
1575 1509 1696 1542 omnia

145 1553 310 1597 perdere,
345 1565 452 1597 quam
487 1554 680 1597 quicquam
713 1555 870 1597 turpiter
895 1555 1071 1598 accipere.
1122 1554 1287 1588 Similem
1314 1556 1533 1588 sententiam
1558 1555 1695 1589 habent

146 1604 182 1634 et
209 1599 290 1634 Sen.
327 1601 371 1635 de
404 1602 467 1636 vit.
495 1601 589 1635 beat.
618 1599 763 1635 XXIII.
799 1602 829 1642 3,
871 1602 1014 1645 sapiens
1053 1602 1193 1636 nullum
1228 1602 1417 1635 denarium
1452 1603 1550 1636 intra
1583 1603 1696 1636 limen

146 1659 249 1681 suum
272 1648 441 1682 admittet
463 1649 557 1682 male
577 1649 773 1682 intrantem
801 1652 836 1682 et
856 1648 959 1682 Caec.
979 1649 1082 1683 Balb.
1110 1661 1144 1693 p.
1167 1650 1220 1684 18.
1238 1649 1336 1684 Mon.
1354 1649 1385 1683 I.
1405 1650 1436 1683 3.
1463 1649 1570 1694 (80111
1600 1651 1693 1694 106).

240 1695 295 1730 31.
328 1694 417 1729 Det
449 1696 600 1729 verbum
631 1695 885 1729 brevissimum
917 1696 1024 1739 idque
1060 1701 1273 1740 corruptum
1300 1708 1478 1730 summam
1503 1697 1693 1731 licentiam

145 1742 209 1776 dat
245 1753 369 1776 versus
407 1743 632 1777 emendandi.
672 1743 814 1776 scilicet
851 1744 920 1776 nisi
954 1755 1023 1786 qua
1057 1744 1222 1777 codicum
1255 1744 1452 1778 auctoritas
1486 1745 1690 1784 accesserit,

143 1790 313 1833 gratuito.
356 1789 440 1824 Hoc
474 1790 619 1834 quidem
644 1790 819 1835 intellego
846 1791 922 1824 sive
949 1792 1057 1834 quid
1084 1791 1221 1825 donet
1249 1791 1347 1825 dies
1384 1791 1528 1835 (deus)
1556 1792 1690 1825 scriba-

145 1840 213 1877 tur,
242 1838 459 1870 sententiam
486 1838 593 1870 nimis
620 1837 781 1882 ambigui
807 1841 842 1871 et
869 1839 1000 1872 incerti
1026 1839 1231 1883 argumenti
1259 1850 1344 1878 esse,
1380 1850 1461 1872 cum
1486 1838 1602 1872 multa
1628 1850 1691 1873 ve-

143 1884 285 1918 nientes
308 1895 420 1918 annos
445 1888 481 1918 et
505 1884 600 1918 ferre
619 1888 654 1918 et
672 1884 831 1918 adimere
856 1896 962 1919 nemo
984 1886 1131 1922 nesciat,
1166 1886 1240 1919 sive
1267 1886 1378 1929 quid
1411 1885 1529 1920 celet
1565 1886 1692 1920 deus.

144 1932 365 1965 sententiam
398 1932 514 1965 minus
550 1943 699 1977 gravem
726 1935 761 1964 et
788 1935 931 1965 acutam
955 1932 1044 1967 fieri.
1081 1944 1163 1966 cum
1188 1932 1344 1976 plurima
1371 1944 1437 1967 nec
1465 1944 1485 1966 a
1511 1944 1694 1976 quoquam

143 1978 309 2022 ignorata
327 1979 491 2022 exempla
510 1978 702 2012 effatorum
719 1990 794 2012 non
818 1979 1091 2014 intellectorum
1117 1980 1270 2014 historia
1296 1980 1474 2015 ostendat.
1518 1980 1563 2014 In
1589 1984 1693 2014 tant-a

143 2036 267 2058 versus
286 2026 504 2059 emendandi
530 2025 749 2059 difficultate
774 2037 892 2059 meam
918 2038 1059 2070 quoque
1085 2028 1372 2070 qualemcunque
1406 2028 1623 2061 sententiam
1649 2029 1691 2062 li-

144 2075 224 2106 ceat
258 2072 432 2115 proferre.
485 2072 540 2106 De
567 2073 718 2106 deorum
752 2078 881 2106 natura
908 2086 989 2107 cum
1017 2077 1135 2108 aetate
1162 2075 1260 2107 omni
1286 2074 1331 2108 ab
1357 2075 1522 2108 omnibus
1549 2075 1692 2108 dubita-

142 2122 222 2152 tum
257 2120 313 2160 sit.
346 2123 424 2152 tum
457 2131 597 2153 summa
631 2121 705 2153 eius
738 2121 790 2153 rei
818 2121 893 2154 sive
918 2121 1126 2164 ignorantia
1155 2122 1230 2155 sive
1255 2122 1493 2165 despicientia
1521 2122 1595 2156 sive
1621 2123 1692 2156 dis-

143 2167 331 2210 crepantia
356 2167 429 2200 illis
456 2167 544 2211 ipsis
563 2166 712 2200 Publilii
737 2167 962 2211 temporibus
988 2169 1084 2201 inter
1102 2167 1288 2202 Romanos
1314 2168 1394 2209 fuit,
1421 2172 1460 2202 ut
1486 2180 1559 2202 non
1584 2169 1692 2204 modo

141 2213 229 2256 quid
263 2213 349 2247 (leus
382 2218 488 2255 esset,
527 2214 591 2248 sed
623 2214 729 2248 etiam
764 2226 850 2247 num
883 2215 972 2249 deus
1005 2218 1099 2249 esset
1132 2216 1296 2259 plerique
1330 2220 1390 2249 aut
1424 2216 1605 2250 nescirent
1631 2220 1693 2250 aut

144 2261 235 2294 scire
254 2261 403 2296 nollent
439 2260 484 2294 In
502 2261 566 2294 hos
585 2262 697 2305 igitur
714 2261 876 2295 homines
895 2262 963 2296 hoc
982 2274 1002 2295 a
1019 2265 1127 2306 poeta
1146 2263 1284 2296 dictum
1303 2274 1380 2297 esse
1398 2263 1693 2306 0111311100,ουοᾱ

141 2307 179 2340 in
213 2307 280 2341 hac
316 2309 497 2342 sententia
531 2308 643 2342 131031
676 2320 810 2354 paucos
838 2320 923 2348 0330,
963 2310 1024 2353 qui
1049 2310 1107 2343 dei
1133 2313 1303 2343 naturam
1329 2314 1436 2363 atque
1463 2310 1692 2344 intellectum

141 2355 409 2399 intellegerent.
460 2354 540 2398 Quo
567 2356 611 2389 de
645 2360 858 2399 argumento
885 2368 991 2390 nemo
1017 2357 1159 2400 saepius
1187 2368 1228 2391 ac
1252 2358 1399 2402 gravius
1433 2357 1525 2391 dixit
1552 2357 1690 2392 Seneca

142 2401 370 2446 philosopho,
399 2403 496 2436 cuius
532 2415 576 2437 ex
602 2403 747 2446 scriptis
772 2403 966 2437 nonnullos
993 2404 1092 2438 locos
1119 2404 1279 2439 afferam.
1329 2404 1385 2438 De
1411 2405 1552 2448 provid.
1581 2404 1628 2440 V.
1659 2407 1689 2440 5.

143 2449 174 2483 6.
201 2448 269 2482 1100
296 2461 414 2489 unum,
442 2450 560 2493 inquit
585 2449 825 2494 (Demetrius)
852 2450 895 2484 de
921 2450 1035 2491 iobis,
1063 2451 1100 2484 di
1126 2451 1360 2491 immortales,
1387 2452 1511 2505 quaeri
1530 2464 1688 2505 possum.

142 2495 239 2539 quod
268 2507 341 2530 non
374 2485 457 2530 ante
490 2497 580 2530 mihi
611 2490 837 2530 voluntatem
863 2501 1021 2531 vestram
1055 2502 1182 2532 notam
1216 2498 1364 2534 fecistis.
1392 2499 1494 2543 prior
1520 2500 1617 2533 enim
1644 2499 1691 2533 ad

140 2542 211 2576 ista
237 2543 426 2584 venissem,
461 2544 507 2577 ad
532 2555 621 2587 01130
648 2556 742 2578 nunc
768 2548 915 2578 vocatus
942 2545 1079 2585 adsum,
1106 2545 1197 2579 nihil
1223 2557 1343 2590 cogor,
1370 2546 1463 2579 nihil
1489 2546 1610 2590 patior
1637 2547 1689 2580 in-

141 2589 236 2623 vitus
270 2601 336 2624 nec
362 2591 479 2624 servio
506 2591 585 2631 deo,
615 2592 678 2625 sed
704 2591 899 2633 adsentior,
936 2603 978 2625 00
1012 2593 1157 2636 quidem
1182 2594 1309 2637 magis,
1346 2593 1443 2637 quod
1470 2594 1543 2627 3010
1569 2594 1690 2627 01111113

141 2640 244 2670 certa
269 2640 305 2670 et
322 2638 357 2670 in
377 2641 564 2672 aeternum
590 2638 686 2672 (11013
711 2637 790 2683 lege
823 2638 1027 2674 decurrere.
1055 2651 1109 2683 ep
1136 2639 1251 2674 11ὰὲ
1277 2641 1355 2685 (31)
1382 2641 1569 2675 1411101110
1588 2640 1691 2674 novit

143 2683 258 2725 deum,
297 2685 403 2718 multi
440 2685 485 2718 de
522 2685 587 2719 illo
624 2685 718 2718 male
754 2686 962 2719 existimant
996 2690 1031 2720 et
1066 2687 1224 2730 impune.
1253 2698 1307 2731 ep.
1337 2686 1448 2722 VIII.
1485 2687 1689 2727 2(71>14.

141 2731 308 2774 proxima
332 2732 427 2765 enim
453 2732 654 2766 intuemur:
695 2732 741 2766 ad
774 2733 947 2766 ulteriora
981 2744 1053 2767 non
1078 2734 1254 2777 prospicit
1281 2746 1381 2768 mens
1408 2734 1516 2768 hebes
1544 2738 1579 2767 et
1598 2745 1691 2777 quae
