1967 3090
922 102 1214 143 ——154—

406 221 430 239 v

392 287 498 328 Loco
533 287 784 340 ignominiae
819 289 881 328 est
913 288 1020 341 apud
1053 287 1269 341 indignum
1302 287 1499 341 dignitas.
1749 290 1849 333 292.

393 352 501 392 Laus
535 353 639 393 nova
671 352 750 393 nisi
782 353 925 402 oritur,
960 353 1086 394 etiam
1117 354 1235 394 vetus
1269 352 1516 394 amittitur.*

392 415 520 457 Lasso
554 415 704 457 doloris
737 416 967 458 remedium
999 417 1158 458 inimici
1192 417 1253 459 est
1286 416 1412 459 dolor.

391 480 514 521 Levis
548 481 610 521 est
642 481 847 522 Fortuna:
882 482 962 523 cito
995 483 1188 535 reposcit,
1223 482 1329 535 quod
1361 481 1486 523 dedit.
1752 483 1850 526 295.

321 546 360 586 ι’).
395 544 478 584 Lex
511 544 703 586 universa
736 546 811 595 est,
847 546 947 599 quae‘
979 546 1095 587 iubet
1126 547 1239 587 nasci
1272 547 1312 587 et
1343 547 1488 588 111011*

392 609 572 650 Lucrum
606 609 758 663 absque
791 610 938 652 damno
971 610 1102 652 alieno
1135 611 1223 652 fieri
1256 612 1337 652 11011
1369 612 1517 664 potest.

392 674 581 715 Lascivia
614 675 655 715 et
686 674 777 716 laus
810 676 1018 729 nunquam
1050 675 1204 716 habent
1236 675 1506 717 concordiam.

393 738 548 791 Legem
581 751 732 780 nocens
763 741 942 789 veretur,
978 739 1184 781 fortunam
1217 739 1451 781 innocens*

391 802 550 852 Libido,
584 816 663 844 non
696 803 894 845 iudicium
927 805 1001 853 est,
1036 804 1139 858 quod
1171 804 1321 846 levitas
1354 804 1475 857 sapit.
1751 805 1850 848 300.

292 868 360 910 10.
396 866 539 908 Libido
573 870 740 910 cunctos
775 869 901 910 etiam
934 869 1008 910 sub
1041 869 1155 910 vultu
1189 869 1339 910 domat.

398 948 440 982 II

399 1014 588 1067 Longum
622 1016 696 1065 est,
731 1016 995 1070 quodcunque
1029 1017 1235 1070 flagitavit
1268 1016 1483 1070 cupiditas.

400 1079 558 1132 Lapsus
591 1079 720 1121 semel
751 1080 799 1121 fit
831 1080 964 1134 culpa,
999 1081 1035 1122 si
1067 1082 1218 1122 iterum
1251 1081 1458 1122 cecideris.

396 1143 480 1184 Lex
512 1143 623 1185 videt
655 1145 822 1194 iratum,
856 1146 988 1187 iratus
1021 1145 1156 1199 legem
1192 1147 1271 1187 11011
1303 1145 1428 1186 videt.

396 1208 551 1261 Legem
585 1208 692 1250 solet
726 1210 913 1251 oblivisci
945 1211 1020 1259 ira,
1055 1211 1263 1263 nunquam
1295 1210 1359 1251 lex
1391 1210 1495 1250 iram
1527 1209 1643 1251 solet.
1753 1209 1852 1252 305.

292 1275 360 1316 15.
394 1272 515 1314 Locis
548 1274 717 1314 remotis
750 1273 820 1326 qui
852 1273 968 1323 latet,
1002 1274 1065 1315 lex
1099 1275 1162 1315 est
1194 1275 1284 1315 sibi.

393 1337 496 1378 Late
532 1336 689 1379 elucere
722 1337 884 1392 insigne
916 1340 963 1379 ut
994 1338 1053 1379 nil
1086 1339 1180 1380 urat
1205 1339 1354 1392 potest.

407 1476 439 1510 L
467 1478 497 1512 1.
524 1476 562 1512 C.
590 1497 634 1501 —-
662 1478 693 1513 2.
721 1477 792 1513 EC.
820 1478 881 1511 ubi
908 1489 1003 1511 nova
1028 1477 1090 1512 Er.
1118 1478 1325 1512 admittitur
1350 1478 1412 1512 Er.
1440 1499 1483 1502 —
1511 1479 1543 1513 3.
1579 1478 1715 1513 doloris
1750 1476 1854 1517 BFC,

288 1524 408 1558 dolori
434 1524 511 1559 PR.
539 1524 677 1558 inimici
704 1528 757 1558 est
783 1525 847 1559 Bo.
875 1529 931 1559 est
956 1525 1094 1559 inimici
1121 1524 1261 1560 PRBC.
1291 1529 1345 1559 est
1372 1537 1440 1559 om.
1468 1524 1508 1559 F.
1536 1525 1581 1559 cf.
1602 1524 1737 1568 Meyer.
1759 1537 1792 1569 p.
1820 1524 1853 1559 7.

289 1593 332 1597 -—
360 1572 392 1605 4.
418 1570 583 1605 Fortuna
609 1572 698 1606 levis
726 1574 783 1605 est
808 1572 873 1607 Bo.
900 1585 932 1607 v.
960 1573 1040 1607 257.
1090 1572 1200 1606 Levis
1227 1575 1282 1606 est
1306 1573 1468 1606 Fortuna
1495 1572 1560 1608 Bo.
1587 1585 1620 1606 V.
1648 1573 1728 1608 404.
1756 1571 1854 1615 quod

290 1618 332 1659 L,
361 1618 424 1653 Gr.
451 1618 535 1654 Wo.
563 1618 621 1654 Ri.
650 1618 733 1662 Spe.
761 1631 851 1662 quae
879 1619 940 1653 Er.
969 1619 1030 1654 Or.
1056 1619 1121 1655 Bo.
1150 1618 1223 1653 Sed
1249 1620 1333 1654 vide
1361 1620 1407 1653 ad
1441 1618 1546 1655 Publ.
1584 1619 1620 1653 A
1652 1619 1707 1654 28.
1744 1640 1788 1644 -
1823 1620 1853 1653 5.

288 1666 458 1699 universa
484 1665 623 1707 PRBF,
650 1667 868 1700 universalis
886 1666 986 1709 an,
1012 1667 1172 1700 universi
1197 1667 1260 1702 Er.
1295 1667 1501 1700 univorsast
1527 1666 1610 1710 Spe.
1649 1670 1704 1700 est
1730 1678 1789 1700 om
1814 1664 1855 1700 F.

290 1724 382 1756 quae
409 1724 519 1756 supra
548 1725 614 1746 scr.
642 1717 676 1756 β.
705 1735 747 1738 Q
776 1715 807 1748 6.
845 1713 1045 1747 Damnavit
1075 1714 1297 1748 Ritschelius
1325 1713 1520 1757 011113611.
1548 1714 1627 1749 666.
1648 1714 1727 1749 672.
1748 1712 1855 1747 ΤΕΟ.

291 1760 426 1804 absque
454 1760 487 1795 d.
515 1760 632 1795 alieno
659 1761 790 1804 scripsi
817 1772 861 1794 ex
888 1761 981 1796 coni.
1009 1761 1085 1794 sine
1113 1761 1147 1797 d.
1174 1761 1321 1795 alterius
1336 1761 1379 1802 L,
1406 1761 1468 1794 Er.
1497 1759 1561 1794 Grr.
1588 1760 1650 1796 Or.
1677 1760 1744 1795 Βο.
1771 1759 1854 1795 Wo.

292 1807 352 1842 Ri.
381 1806 462 1850 Spe.
490 1818 608 1851 110
635 1806 689 1841 Pa
715 1808 856 1842 ultimis
883 1808 1017 1842 litteris
1046 1808 1220 1849 evanidis,
1247 1811 1377 1851 potens
1403 1807 1469 1841 Pb.
1497 1829 1540 1833 ——
1576 1808 1608 1842 7.
1635 1807 1707 1842 EC.
1744 1827 1787 1831 —
1823 1807 1855 1841 8.

292 1853 494 1888 Fortunam
519 1853 583 1889 Be.
610 1875 654 1879 —
682 1855 713 1890 0.
742 1855 858 1890 libido
885 1866 959 1888 non
972 1854 1011 1894 F,
1041 1855 1156 1889 libido
1182 1855 1356 1888 iudicium
1372 1854 1476 1897 PRfl,
1493 1855 1637 1889 libidini
1656 1855 1748 1890 coni.
1768 1854 1856 1888 olim

290 1901 372 1936 Wo.
400 1902 516 1935 libido
544 1901 719 1935 indicium
746 1905 802 1936 est
828 1903 904 1936 eius
932 1914 964 1945 (1.
991 1902 1014 1937 l.
1043 1914 1068 1937 3.
1097 1901 1156 1937 Ρ3.
1185 1903 1247 1935 6111
1280 1902 1385 1937 codd.
1414 1901 1625 1936 Gruteriani
1660 1901 1757 1935 haud
1791 1901 1856 1934 im·

291 1948 472 1992 probante
500 1948 668 1990 Grutero,
705 1961 787 1983 611111
822 1950 950 1983 addat:
987 1950 1081 1989 „alio
1119 1961 1234 1989 sensu,
1270 1950 1390 1983 vivido
1425 1952 1591 1991 tamen“;
1625 1948 1856 1993 improbante

292 1995 439 2036 Bothio,
466 2007 548 2029 cum
574 1996 728 2030 iudicet:
757 1996 937 2040 „Legitur
962 1996 1021 2030 hic
1049 2008 1201 2040 quoque,
1231 1996 1295 2030 sed
1321 1997 1464 2040 inepte:
1496 1996 1540 2031 L.
1568 1996 1742 2030 indicium
1768 2006 1797 2029 e.
1826 2006 1855 2030 e.

292 2054 325 2085 (1.
353 2042 375 2075 l.
404 2046 455 2077 3.“
482 2042 534 2077 Cf.
562 2042 698 2085 Meyer.
725 2055 759 2087 p.
788 2045 818 2079 9.
847 2065 891 2068 —
921 2044 973 2079 10.
1001 2047 1150 2077 cunctos
1166 2043 1207 2084 L,
1237 2044 1347 2077 etiam
1366 2046 1568 2085 611116101’β,
1597 2044 1737 2077 cinctos
1763 2042 1856 2076 coni.

293 2089 491 2124 Salmasius
518 2089 564 2123 ad
590 2090 703 2124 Solin.
731 2103 765 2134 p.
792 2092 847 2126 46.
874 2092 978 2124 vultu
997 2090 1037 2131 L,
1066 2102 1218 2131 „sanum
1244 2102 1320 2124 esse
1346 2090 1406 2123 vix
1433 2090 1557 2124 credo:
1586 2102 1672 2123 num
1697 2092 1858 2123 votum

294 2137 552 2180 corrigendum
580 2137 625 2171 ad
651 2137 745 2173 Hor.
774 2139 878 2182 epist.
908 2137 937 2173 I.
967 2138 1020 2177 16.
1050 2139 1094 2173 57
1122 2150 1197 2181 3(1(1.
1227 2136 1493 2171 sententiain?“
1528 2136 1586 2172 Ri.
1614 2137 1789 2180 dampnat
1814 2135 1855 2171 F.

294 2205 336 2208 f
365 2184 419 2218 11.
447 2184 597 2228 longum
624 2187 680 2218 est
707 2186 804 2228 quod
831 2185 980 2229 flagitat
1014 2196 1042 2220 6.
1071 2184 1140 2218 FH
1166 2185 1212 2220 cf.
1232 2184 1369 2228 Meyer.
1395 2196 1429 2228 p.
1460 2185 1513 2219 17.
1542 2185 1596 2219 61.
1616 2184 1857 2228 longinquum

295 2234 351 2264 est
386 2242 493 2264 omne
519 2231 617 2274 quod
644 2243 672 2266 c.
700 2232 844 2275 flagitat
871 2233 964 2267 60111.
992 2231 1182 2271 Gruterus,
1211 2231 1272 2267 Or.
1299 2231 1364 2265 Βο.
1401 2231 1639 2274 quodcunque
1675 2230 1855 2274 flagitavit

295 2289 325 2313 6.
353 2279 484 2321 scripsi
514 2290 557 2311 ex
584 2279 676 2314 coni.
730 2279 886 2313 Versum
912 2280 1052 2313 uncinis
1079 2279 1258 2313 inclusum
1291 2278 1453 2322 spurium
1487 2278 1662 2312 iudicavit
1695 2278 1857 2321 Spenge—

296 2325 366 2358 lius
394 2325 438 2360 cf.
468 2325 584 2369 praef.
613 2337 648 2369 p.
678 2327 731 2361 14.
760 2347 803 2350 —
832 2327 886 2361 12.
915 2327 1038 2370 lapsus
1065 2326 1177 2360 semel
1202 2325 1242 2367 F,
1269 2326 1292 2360 l.
1321 2337 1347 2360 s.
1374 2325 1436 2358 ubi
1463 2325 1510 2358 313
1539 2324 1580 2359 Ο.
1607 2324 1649 2358 fit
1683 2324 1791 2368 culpa
1815 2323 1855 2364 F,

300 2372 348 2405 sit
373 2374 434 2406 tua
461 2373 569 2416 eulpa
595 2372 625 2406 O
652 2373 697 2406 cf.
713 2373 850 2416 Meyer.
878 2386 912 2417 p.
940 2375 995 2408 51.
1024 2373 1080 2408 65.
1107 2374 1210 2410 23,1.
1238 2373 1299 2416 qui
1324 2373 1426 2405 novis
1459 2373 1532 2406 illis
1566 2372 1689 2406 verbis
1724 2371 1858 2405 additis

298 2430 444 2452 versum
469 2419 566 2453 hunc
593 2420 809 2462 quadratum
835 2421 1046 2454 constituit:
1073 2420 1215 2464 Lapsus
1242 2419 1304 2453 ubi
1331 2419 1442 2452 semel
1476 2420 1534 2460 sis,
1569 2418 1611 2452 fit
1644 2422 1706 2452 tua
1740 2418 1857 2462 culpa,

300 2466 331 2499 31
356 2466 490 2500 iterum
517 2466 702 2502 cecideris.
732 2489 774 2492 —
804 2468 858 2501 14,
885 2467 908 2501 l.
938 2479 962 2501 3.
991 2479 1023 2503 o,
1050 2467 1260 2501 iracundia.
1279 2495 1285 2501 .
1382 2466 1422 2505 F,
1450 2467 1472 2501 l.
1501 2478 1527 2501 s,
1555 2466 1763 2500 obliviscier
1786 2465 1856 2498 ira-

297 2513 430 2546 cundia
456 2513 518 2547 Gr.
551 2513 611 2548 Or.
639 2514 662 2548 l.
691 2514 856 2548 oblivisci
885 2515 994 2547 solita
1020 2517 1075 2547 est
1101 2514 1123 2549 1.
1149 2514 1236 2548 ΒΟ.
1267 2512 1423 2547 Versum
1449 2515 1489 2546 ut
1514 2512 1767 2556 imperfectum
1792 2523 1856 2545 un-

298 2560 389 2594 cinis
416 2560 564 2594 inclusit
590 2559 673 2595 Wo.
701 2561 882 2604 probante
910 2561 1120 2606 Spengelio,
1147 2564 1187 2594 ut
1205 2545 1352 2604 plenum
1370 2561 1507 2604 recepit
1533 2560 1603 2600 Ri..
1632 2562 1671 2593 ut
1688 2558 1858 2593 mutilum

298 2607 468 2650 supplere
496 2610 646 2641 conatus
675 2620 762 2643 sum.
791 2629 834 2633 —
863 2610 916 2644 15
944 2612 1000 2641 est
1027 2608 1095 2641 sibi
1121 2607 1275 2652 Ingolst.
1312 2607 1381 2641 sibi
1407 2610 1461 2641 est
1486 2606 1526 2642 F.
1556 2627 1598 2631 —-
1627 2607 1679 2641 16.
1713 2606 1858 2639 elucere

299 2653 443 2699 insigne
470 2655 599 2698 scripsi
625 2666 670 2688 ex
696 2655 788 2690 coni.
816 2656 937 2689 lucere
962 2655 1057 2699 ignis
1075 2655 1115 2695 F,
1143 2654 1205 2689 Gr.
1234 2654 1294 2688 01.
1320 2654 1413 2687 nihil
1438 2653 1478 2688 F.
1504 2654 1527 2687 l.
1554 2653 1577 2689 l.
1603 2656 1643 2686 ut
1661 2655 1740 2686 tuat
1766 2652 1829 2686 nih
1831 2652 1857 2685 il

298 2701 394 2743 ignis
420 2704 559 2745 potest
569 2701 635 2736 Bo.
662 2702 685 2736 l.
712 2701 735 2736 l.
763 2703 858 2746 ignis
885 2702 977 2736 nihil
1003 2705 1043 2735 ut
1070 2704 1152 2735 uiat
1177 2704 1299 2754 potest
1327 2701 1385 2734 161
1411 2704 1449 2734 ut
1476 2704 1557 2734 urat
1582 2700 1674 2734 nihil
1700 2699 1795 2743 ignis
1820 2710 1855 2743 p.

300 2729 426 2781 Fothii
452 2751 598 2792 recepta
624 2749 879 2783 emendatione
905 2748 988 2784 W.0
1016 2749 1091 2783 late
1116 2749 1210 2792 ignis
1237 2747 1368 2790 lucere,
1394 2751 1432 2781 ut
1461 2747 1552 2781 nihil
1578 2750 1668 2785 urat,
1696 2758 1769 2780 non
1794 2757 1857 2790 po-
