1967 3090
853 118 905 123 —
970 93 1056 136 ‘250
1119 118 1174 122 --

233 213 306 247 ὦσι.
351 210 456 244 Unde
476 211 584 244 ctiam
612 210 823 243 iuvenem
841 208 1090 253 recipiendum
1110 208 1245 252 putavi.
1280 206 1468 252 Hauptius
1488 207 1633 251 quidem
1653 218 1794 241 versum

235 259 284 293 sic
312 259 476 301 scripsit:
505 258 642 291 Vtilius
669 256 883 291 erubescere
910 267 1016 299 quam
1044 255 1255 300 pallescere.

330 306 385 340 02.
424 304 480 339 De
506 304 576 338 fide
604 303 772 338 Socrates
799 303 910 338 dixit:
951 302 1033 336 Viri
1066 303 1152 336 boni
1188 305 1243 337 est
1278 304 1313 336 et
1348 312 1420 335 11011
1455 301 1657 345 pollicitam
1686 301 1795 336 fidem

233 364 390 388 servare.

328 412 360 443 p.
389 400 444 433 21.
472 397 571 434 Mon.
600 397 669 432 IV.
705 398 736 433 ⁴2.
765 397 820 431 Cf.
847 397 954 432 Publ.
990 396 1021 430 Ε
1048 397 1103 431 22.
1139 396 1237 430 Sent.
1272 395 1364 429 falso
1399 396 1496 430 inter
1521 394 1630 429 Publ.
1658 399 1794 440 recept.

232 446 286 482 99.
314 446 523 480 Pollicitam
550 446 659 479 fidem
686 445 778 479 dixit
804 444 908 479 Ovid.
935 443 1025 478 Met.
1054 443 1120 479 XI.
1152 444 1229 479 107.
1256 442 1355 478 Fast.
1382 442 1456 478 ΙΙΙ.
1485 443 1562 478 366.

330 495 384 529 623.
413 493 547 527 Oculos
574 496 608 526 et
635 503 739 526 aures
768 492 867 533 vulgi
893 491 1009 525 malos
1035 494 1146 526 testes
1174 502 1261 525 esse.

324 553 358 585 p.
386 542 444 576 211.
472 539 570 575 Mon.
600 538 628 573 I.
657 540 712 574 31.
741 538 795 575 Of.
824 538 924 574 Sent.
952 539 1044 573 fals«)
1072 539 1168 571 inter
1200 537 1306 571 Publ.
1349 540 1484 581 recept.
1537 537 1608 571 loo.
1654 535 1713 570 Ri.
1762 548 1794 570 v.

227 589 313 623 2⁴21:
343 587 460 631 Saepe
487 587 584 621 (iculi
611 590 647 620 et
672 597 778 620 aures
804 587 902 631 vulgi
931 589 1017 620 sunt
1044 588 1157 620 testes
1184 586 1282 618 mah.
1310 597 1315 601 ·

327 634 560 676 t34.Discute,
589 634 686 678 quod
713 633 851 673 audias,
881 638 917 667 et
943 634 1070 677 proba.
1099 633 1195 676 quod
1223 632 1360 667 credas.

326 694 360 726 p.
404 682 460 718 4⁴2.
498 681 581 717 Par.
622 682 676 716 139.
713 680 768 716 Cf.
813 680 912 714 Sent.
957 680 1048 714 falso
1077 681 1172 714 inter
1207 679 1312 713 Publ.
1341 682 1478 723 recept.
1520 678 1597 713 103.
1641 677 1722 721 „W.
1756 677 1798 712 B.

236 729 362 764 Socr.·‘
396 729 479 763 Wo.
506 728 562 763 De
589 728 859 772 significatione
891 740 923 763 v.
951 731 1174 761 excutere
1202 726 1247 761 cf.
1275 726 1349 761 Cic.
1377 726 1477 760 Part.
1506 726 1560 760 36.
1590 725 1674 760 Non
1701 724 1796 759 enim

234 777 525 821 argumentando
551 776 622 809 hoc
641 787 755 820 genus
773 778 967 815 tractatur.
997 775 1059 809 sed
1078 779 1253 818 tanquam
1268 774 1486 818 explicando
1505 772 1797 816 excutiendoque

230 824 353 859 verbo.
394 824 518 867 Quint.
546 822 575 857 I.
603 824 635 863 4,
664 824 693 857 4.
733 822 809 856 Nec
844 824 973 866 poetas
1008 822 1142 866 legisse
1177 822 1266 855 satis
1293 824 1364 856 est:
1405 820 1664 855 excutiendum
1691 829 1797 853 omne

235 872 455 915 scriptorum
489 882 601 914 genus
639 875 728 912 eth.
757 869 854 904 Plin.
889 881 945 914 ep.
977 868 1039 904 Vl.
1068 870 1122 904 21.
1152 869 1288 903 Caesar
1322 869 1484 903 excussis
1518 865 1798 911 probationibus

236 919 491 953 centurionem
519 917 773 951 exauct‹1›1·avit
800 920 909 960 atque
936 917 1046 951 etiam
1073 917 1261 961 relegavit.
1289 915 1430 959 Haupt.
1449 915 1544 950 Phil.
1564 913 1637 948 ΠΙ.
1665 926 1700 958 p.
1719 913 1797 948 378.

231 978 264 999 v.
292 966 366 1001 41.;
394 965 548 999 Discute
575 964 671 1007 quod
698 963 824 998 audias
851 975 968 1003 omne⁷
998 963 1095 1007 quod
1123 963 1250 997 credas
1278 963 1404 1007 proba.

331 1014 386 1047 66.
415 1012 562 1046 Crimen
591 1012 748 1053 sagittae
775 1014 830 1044 est
857 1011 995 1045 simile:
1032 1010 1137 1044 facile
1164 1010 1339 1054 infigitur.
1366 1009 1518 1043 difficile
1545 1009 1753 1053 expellitur.

327 1072 362 1104 p.
390 1060 445 1094 34.
472 1058 571 1094 Mon.
600 1057 787 1092 XLVIII.
817 1059 848 1093 ἶ).

328 1108 384 1142 65.
411 1106 546 1141 Mulier
573 1106 734 1149 speciosa
762 1104 939 1148 templum
967 1108 1022 1139 est
1049 1105 1279 1139 aedificatum
1307 1115 1415 1148 super
1443 1104 1616 1139 cloacam.

328 1166 364 1198 p.
393 1155 448 1189 26.
477 1153 578 1187 Mon.
607 1151 735 1188 XVII.
764 1153 794 1187 4.
826 1152 906 1194 ΛΨ.
925 1152 967 1188 Β.
989 1151 1092 1186 Socr.
1111 1151 1159 1187 M.
1189 1164 1242 1196 sp.
1262 1155 1298 1185 et
1317 1152 1429 1185 stulta
1457 1156 1575 1194 etqs.“
1601 1150 1685 1186 Wo.
1704 1149 1799 1184 Ver-

234 1214 313 1235 sum
338 1202 523 1235 intactum
550 1200 696 1243 reliquit
722 1199 774 1234 M.
801 1199 987 1244 Hauptius
1014 1199 1111 1234 Phil.
1139 1198 1211 1233 III.
1240 1211 1273 1243 p.
1303 1199 1381 1239 3T9,
1412 1199 1465 1234 72.

331 1250 386 1284 67.
414 1248 646 1292 Pythagoras
674 1247 786 1281 dixit:
813 1247 897 1281 Duo
923 1258 1057 1290 genera
1083 1247 1221 1280 habent
1248 1248 1284 1280 in
1311 1246 1425 1280 oculis
1452 1245 1670 1279 feminarum
1696 1244 1802 1279 lacri-

237 1307 335 1331 mae:
364 1296 455 1330 certi
482 1295 619 1328 doloris
646 1306 766 1330 unum.
796 1295 1011 1328 insidiarum
1038 1294 1147 1329 aliud.

333 1356 367 1387 p,
395 1344 450 1378 26.
478 1342 577 1376 Mon.
604 1341 733 1376 XVII.
762 1343 792 1375 ἶ).
821 1341 904 1382 ‚‚W.
923 1341 965 1375 Β.
993 1341 1153 1385 Pythag.
1180 1339 1225 1375 D.
1253 1341 1276 1374 l.
1303 1351 1337 1383 g.
1366 1344 1449 1374 sunt
1475 1341 1512 1374 in
1531 1351 1562 1374 o.
1588 1339 1800 1374 mulierum:

235 1391 312 1425 veri
340 1390 478 1425 doloris
505 1402 539 1423 u.
567 1390 588 1424 i.
617 1394 673 1424 af‘
699 1388 782 1424 Wo.
811 1388 1054 1423 Scribendum
1081 1388 1245 1422 videtur:
1275 1387 1381 1429 ..Duo
1408 1399 1543 1432 genera
1567 1387 1803 1421 lacrimarum

235 1438 372 1472 habent
398 1438 435 1471 in
462 1437 577 1470 oculis
603 1436 776 1470 feminae:
814 1436 905 1470 certi
932 1435 1070 1470 doloris
1098 1448 1219 1475 unum,
1247 1435 1463 1469 insidiarum
1490 1434 1626 1468 aliud.‘⁴
1669 1433 1801 1468 Nescio

236 1496 281 1518 an
308 1485 368 1519 hic
394 1495 520 1518 versus
549 1484 594 1517 ad
620 1495 654 1519 v.
681 1482 902 1517 Publianum
928 1482 963 1516 D
991 1484 1011 1514 (ἢ
1039 1482 1141 1527 (1301
1166 1483 1303 1517 redeat.

285 1537 287 1539 ’
332 1533 386 1567 6⁵2.
414 1531 509 1565 Filio
536 1531 702 1565 modesto
729 1542 915 1574 nunquam
943 1541 1057 1575 grave
1083 1534 1148 1570 est,
1176 1530 1274 1573 quod
1300 1530 1418 1573 pietas
1445 1529 1548 1563 iubet
1573 1529 1748 1573 parentis.

330 1591 365 1623 p.
393 1579 448 1614 41.
475 1578 558 1614 Par.
588 1578 642 1613 fis.
671 1577 753 1618 .,W.
780 1577 822 1612 B.
840 1576 939 1613 Socr.
962 1605 969 1612 .
986 1604 992 1612 .
1011 1606 1016 1611 .
1034 1605 1040 1612 .
1057 1606 1064 1613 .
1091 1578 1161 1611 nisi
1189 1577 1235 1611 sit
1261 1577 1524 1620 impossibile-'⁴
1561 1576 1642 1612 Wo.
1662 1575 1801 1619 Haupt.

236 1626 332 1661 Phil.
372 1625 447 1661 III.
487 1638 520 1669 p.
558 1626 638 1660 357.
673 1637 705 1661 v,
742 1626 817 1660 342:
858 1625 952 1659 Filio
990 1625 1157 1659 modesto
1196 1636 1380 1668 nunquam
1421 1624 1518 1667 quod
1558 1626 1661 1668 pater
1701 1623 1803 1657 iubet

234 1685 346 1719 grave
374 1677 439 1708 est.

337 1721 391 1755 69.
418 1720 533 1760 Idem,
561 1719 656 1754 Eum
682 1719 827 1752 firmum
854 1730 988 1760 regem,
1017 1720 1076 1763 qui
1097 1730 1188 1762 quae
1208 1719 1363 1763 imperat
1389 1719 1491 1753 novit
1508 1718 1566 1752 vel
1585 1717 1801 1762 praeceptis,

239 1767 325 1812 quid
353 1767 577 1801 contrarium
604 1778 682 1800 esse
707 1770 842 1810 potest,
869 1767 1046 1810 agnoscit..

332 1827 367 1858 p.
395 1815 451 1849 32.
479 1813 576 1848 Mon.
603 1813 788 1849 XXXIX.
816 1814 847 1847 4.
879 1825 913 1857 p.
940 1814 995 1847 40.
1032 1813 1115 1849 Par.
1143 1814 1198 1848 36.
1237 1813 1380 1847 Socrati
1407 1812 1591 1846 sententia
1617 1811 1801 1846 tribuitur.

337 1862 391 1896 To.
419 1861 673 1904 Hermogenes
699 1861 812 1894 dixit:
848 1860 1048 1904 Plerosque
1074 1861 1238 1895 homines
1274 1860 1311 1894 in
1339 1860 1411 1894 suis
1439 1860 1609 1893 domibus
1636 1859 1802 1892 saevissi-

238 1920 316 1943 mos
343 1913 528 1952 tyrannos.
556 1909 593 1941 111
621 1908 748 1942 alienis
774 1908 997 1941 humillimos
1025 1919 1148 1942 servos
1176 1919 1263 1943 esse.

330 1968 365 2000 p.
394 1956 449 1990 3338,
482 1955 568 1990 Par.
598 1956 628 1990 7.
664 1955 715 1989 Cf.
744 1954 843 1990 Sent.
872 1955 963 1989 falso
996 1956 1094 1989 inter
1128 1954 1234 1988 Publ.
1269 1958 1404 1999 recept.
1445 1954 1520 1988 112.
1555 1953 1613 1989 Ri.
1648 1965 1681 1988 v.
1716 1953 1803 1988 274:

237 2002 347 2037 Domi
372 2003 517 2046 tyranni
545 2013 652 2046 saepe
680 2003 774 2036 servi
801 2006 885 2036 sunt
911 2001 1011 2036 foris.

333 2051 390 2085 71.
419 2049 525 2084 Chilo
552 2050 868 2084 Lacedaemonius
896 2049 1005 2084 dixit:
1033 2049 1206 2087 Fortuna.
1236 2053 1274 2083 ut
1293 2049 1456 2083 medicus
1482 2048 1640 2092 ignarus,
1667 2047 1802 2081 multos

238 2102 373 2132 caecat.

335 2157 371 2189 p.
399 2145 454 2179 23.
481 2144 582 2178 Mon.
610 2144 722 2178 XIII.
751 2145 783 2179 513.
818 2143 1046 2178 Medicorum
1074 2144 1251 2187 quosdam
1288 2143 1361 2178 Cic.
1390 2143 1460 2187 leg.
1486 2141 1540 2176 II.
1567 2143 1598 2178 ἵ).
1626 2141 1802 2175 inscios

241 2192 505 2236 imperitosque
533 2191 632 2225 dicit.
661 2191 715 2225 Cf.
743 2191 850 2226 Publ.
876 2191 906 2224 F
933 2192 953 2226 Β
982 2192 1095 2235 (ΠΒ).

337 2240 391 2274 72.
427 2237 483 2272 De
518 2239 656 2282 nuptiis
692 2238 799 2272 Chilo
826 2238 1138 2272 Lacedaemonius
1166 2238 1278 2272 dixit:
1313 2237 1469 2281 Nuptias
1498 2239 1725 2280 sumptuosas
1751 2235 1804 2269 fa-

240 2297 321 2320 cere
348 2287 435 2320 vita.

331 2345 366 2376 p.
395 2333 450 2368 27.
480 2332 582 2367 Mon.
608 2331 692 2367 XX.
721 2332 846 2373 ..Stoh
876 2332 975 2366 Flm‘.
1002 2336 1027 2366 t.
1056 2334 1086 2372 3,
1117 2332 1175 2366 RQ:
1204 2333 1338 2376 γάμοις
1365 2329 1516 2366 dreia.»
1543 2331 1660 2366 ποιοῦ.
1695 2329 1779 2364 WO.

341 2380 396 2415 73.
424 2379 703 2413 Humanitatem
731 2380 832 2413 ducis
858 2380 895 2413 in
922 2379 1084 2414 exercitu
1110 2379 1244 2413 flumen
1272 2379 1446 2413 adversus
1473 2379 1596 2413 hostes
1625 2388 1714 2412 esse.

336 2438 370 2470 p.
399 2426 582 2461 3231011.
609 2426 690 2461 XL.
719 2427 750 2462 2.
776 2426 972 2460 Fulmen
998 2427 1158 2460 correxit
1184 2426 1266 2461 Wo.

334 2474 387 2509 74.
416 2473 586 2508 Geminat
614 2478 816 2517 peccatum,
843 2485 951 2517 quem
978 2473 1103 2507 delicti
1130 2484 1202 2507 non
1228 2473 1351 2517 pudet.

332 2532 366 2564 p.
396 2522 449 2555 42.
485 2520 566 2554 Par.
596 2522 651 2554 ³²1.
689 2520 742 2554 Cf.
772 2520 876 2555 Publ.
905 2520 939 2554 G
967 2522 1018 2555 11.
1055 2519 1154 2554 Sent.
1184 2520 1274 2554 falso
1301 2521 1396 2553 inter
1421 2518 1529 2554 Publ.
1557 2522 1694 2563 recept.
1724 2518 1791 2553 123

239 2567 323 2608 ,‚W.
350 2568 392 2603 B.
420 2566 543 2602 Socrf·
571 2567 652 2602 Wo.
680 2567 818 2612 Haupt.
847 2567 938 2601 Phil.
970 2567 1043 2602 III.
1070 2579 1104 2611 p.
1134 2568 1213 2602 378.
1240 2579 1273 2600 v.
1303 2568 1359 2602 413.
1387 2566 1444 2601 Ri.
1472 2579 1504 2601 v.
1533 2566 1611 2601 296.

336 2615 390 2650 75.
418 2614 473 2648 De
501 2615 732 2648 contumeliis
759 2615 804 2648 ab
831 2615 1012 2658 indignis:
1048 2613 1226 2658 Duplicat
1267 2614 1430 2649 dolorem
1469 2612 1682 2647 sustinentis
1708 2611 1803 2646 indi-

240 2662 367 2742 gnitias
406 2661 605 2702 inferentis.
635 2662 981 2705 intoleranduimpie
1013 2661 1051 2695 fit
1088 2662 1234 2695 malum.
1263 2662 1363 2695 cuius
1399 2664 1583 2694 auctorem
1616 2664 1723 2704 turpe
1758 2659 1803 2692 sit

238 2720 305 2743 con
335 2708 415 2743 teri.
