1967 3090
750 119 1068 162 —165—

133 243 207 266 non
248 233 343 267 enim
378 233 526 266 humani
552 233 625 267 vim
659 233 808 278 ingenii,
844 233 906 267 sed
940 233 1008 267 feri
1043 236 1079 268 et
1113 234 1357 268 intractabilis
1392 234 1537 270 habent.
1580 246 1686 269 nemo

123 282 256 312 autem
282 290 410 323 regere
436 282 557 323 potest
584 280 653 314 nisi
679 279 740 324 qui
767 283 804 313 et
827 281 919 325 regi.
977 279 1060 314 Sen.
1095 292 1150 325 ep.
1178 281 1229 316 II.
1256 281 1276 316 6
1303 281 1382 326 (18)
1410 282 1442 316 6.
1476 281 1545 315 hoc
1571 282 1687 316 secuti

137 329 230 366 sunt,
258 327 320 370 qui
347 327 512 360 omnibus
539 327 723 361 mensibus
749 330 1005 371 paupertatem
1031 328 1165 361 imitati
1183 339 1297 372 prope
1324 329 1370 362 ad
1388 329 1551 372 inopiam
1567 339 1687 363 acces-

132 376 267 413 serunt,
303 385 347 407 ne
381 384 540 417 unquam
573 378 874 418 expavescerent,
911 374 1007 417 quod
1041 385 1148 418 saepe
1182 375 1406 409 didicissent.
1453 375 1535 409 Sen.
1571 375 1684 411 Theb.

136 419 215 454 597.
242 420 280 453 in
306 421 520 454 servitutem
547 421 675 455 cadere
701 420 746 454 de
771 431 884 463 regno
909 431 1024 465 grave
1048 424 1113 456 est.
1145 421 1276 456 Troad.
1296 422 1375 457 749.
1402 423 1538 456 servire
1564 423 1685 458 liceat.

132 466 278 509 Aiiquis
305 467 374 501 hoc
400 468 479 511 regi
504 467 634 511 negat?
660 488 704 492 —
731 466 828 510 Quid
853 467 950 511 quod
976 468 1129 502 eandem
1155 468 1231 502 fere
1258 469 1474 503 sententiam
1493 469 1683 510 Goethius,

131 514 242 556 posta
275 514 338 548 ille
364 514 596 554 clarissimus,
633 526 674 549 eo
708 515 868 548 carmine
902 518 1112 558 persecutus
1147 518 1212 556 est,
1248 515 1345 559 quod
1377 515 1596 560 Cophticum
1629 517 1684 550 in-

131 560 279 604 scripsit
312 561 375 605 (cf.
401 561 538 596 VVerke
572 565 659 596 tom.
694 560 724 595 Ι.
750 573 785 605 p.
823 562 900 597 102.
928 562 983 596 ed.
1011 573 1041 596 a.
1071 562 1196 606 1840);
1232 563 1332 596 cuius
1359 564 1511 597 extremi
1536 563 1575 597 hi
1601 567 1685 598 sunt

130 618 273 642 versus:

553 654 615 689 Du
638 658 756 689 musst
782 655 927 700 steigen
954 656 1043 690 oder
1069 656 1208 697 sinken,

554 701 614 736 Du
640 705 756 736 musst
780 702 978 737 herrschen
1004 703 1079 737 und
1103 704 1297 747 gewinnen

553 748 654 783 Oder
679 749 810 783 dienen
835 750 909 784 und
933 751 1126 791 verlieren‚

556 795 697 830 Leiden
723 796 811 830 oder
836 797 1090 841 triumphiren⁷

556 843 716 878 Amboss
744 843 833 878 oder
858 843 1037 878 Hammer
1063 844 1157 879 sein!

127 889 362 934 Francogalli
386 890 495 925 hodie
521 890 681 931 dicunt,
687 890 850 930 ,(101οΠ11·
874 890 907 925 d
937 890 1074 936 eveque
1092 892 1278 926 meunier“
1307 891 1350 927 cf.
1370 891 1575 937 Mesanger.
1595 893 1681 927 dict.

126 937 190 971 des
217 948 319 981 prov.
348 937 533 981 Francais.
584 936 755 971 Ceterum
777 949 822 971 ne
840 939 919 982 quis
946 950 1004 972 me
1028 942 1173 972 tantum
1198 939 1369 973 tribuisse
1395 940 1548 974 miretur
1566 940 1683 975 codici

125 983 361 1029 Frisingensi‚
394 988 435 1018 ut
466 985 571 1018 huius
605 985 837 1028 potissimum
871 996 940 1029 ope
973 985 1058 1019 huic
1091 986 1211 1020 versui
1242 987 1424 1020 medelam
1459 987 1682 1021 afferendam

125 1034 304 1075 putarem,
340 1031 403 1065 alii
437 1043 579 1076 quoque
614 1031 685 1066 loci
718 1032 962 1073 inveniuntur,
997 1033 1126 1077 quibus
1159 1033 1190 1067 is
1224 1033 1301 1077 ipse
1337 1034 1467 1067 ceteris
1493 1038 1681 1078 praestare

126 1078 302 1119 videatur,
340 1078 445 1112 Publ.
482 1078 560 1114 D(
543 1080 564 1091 ⁹*
549 1079 703 1124 (129).
744 1078 779 1113 D
812 1080 856 1114 14
881 1080 997 1125 (136).
1035 1079 1067 1114 L
1094 1081 1114 1115 9
1140 1080 1252 1125 (300).
1288 1080 1329 1115 M
1356 1082 1398 1115 10
1426 1081 1542 1126 (318).
1569 1081 1611 1115 M
1638 1083 1679 1116 11

123 1125 236 1170 (319).
275 1125 373 1160 Vide
399 1125 537 1170 Meyer.
564 1138 598 1170 p.
627 1126 658 1161 9.

222 1173 278 1207 12.
307 1138 510 1215 „Insidiobsa
548 1176 602 1207 est
627 1172 961 1217 blandiloquentia“
1008 1173 1192 1208 Erasmus.
1228 1174 1283 1209 Cf.
1316 1174 1489 1209 Menand.
1522 1175 1680 1211 Monost

127 1219 182 1253 37.
209 1215 264 1264 (ω’
291 1220 364 1252 ἐστὶ
390 1220 513 1263 θιμοῧ
539 1221 729 1264 φάρμακον
749 1221 893 1267 χοηστὸς
919 1219 983 1265 λόγ
976 1233 1033 1255 ¹03.
1060 1222 1138 1256 313.
1167 1220 1282 1265 λόγω
1282 1235 1322 1254 (ιε
1340 1231 1401 1254 πεῖ
1388 1235 1476 1263 uror,
1504 1223 1679 1268 φαομάκιι

123 1269 335 1346 σΒοφωτάτςζ.)
378 1266 534 1301 Phaedr.
560 1267 635 1302 fab
662 1266 766 1308 Ι.19,
798 1269 826 1301 1.
854 1267 992 1302 habent
1017 1268 1167 1302 insidias
1185 1268 1342 1302 hominis
1360 1269 1564 1304 blandltiae
1581 1270 1678 1303 111311.

160 1313 359 1347 ibbeckius.

221 1361 275 1395 13.
302 1360 496 1395 Totiens
528 1364 569 1395 ut
602 1361 826 1405 bisyllabum
860 1362 1173 1405 pronuntiandum
1204 1362 1350 1396 videtur
1376 1362 1420 1397 cf.
1450 1362 1557 1398 Publ.
1583 1363 1619 1397 A
1646 1365 1677 1399 5.

123 1406 262 1442 Nauck.
288 1406 375 1443 Mel.
403 1408 538 1443 Greco-
540 1408 646 1443 Rom.
673 1409 711 1442 in
736 1408 820 1443 Act.
847 1407 997 1453 Petrop.
1027 1410 1128 1445 1869.
1156 1412 1242 1445 tom.
1270 1408 1342 1444 HI.
1372 1421 1405 1454 p
1433 1410 1512 1445 206.
1545 1409 1675 1450 „Orbi-

121 1456 179 1487 tas
213 1465 311 1488 mors
338 1456 516 1499 quaedam
542 1459 618 1489 est“
644 1455 831 1490 Erasmus.
857 1455 910 1491 Cf.
937 1421 1056 1490 Niobe
1082 1457 1180 1501 apud
1206 1458 1270 1491 01.
1298 1422 1388 1491 Metl.
1409 1456 1474 1492 VI.
1498 1436 1578 1492 282.
1596 1458 1676 1493 283.

120 1511 188 1544 per
212 1501 342 1535 funera
377 1506 518 1546 septem
554 1502 697 1538 efferor.
733 1502 813 1536 Sen.
852 1514 906 1547 ep.
941 1503 1048 1537 XVI.
1084 1504 1104 1537 4
1139 1504 1218 1548 (99)
1253 1505 1307 1539 15.
1342 1504 1588 1538 inhumanitas
1622 1508 1678 1539 est

121 1547 201 1588 ista,
229 1559 302 1582 non
328 1550 453 1591 virtus,
491 1550 619 1583 funera
653 1560 800 1583 suorum
834 1550 965 1584 iisdem
991 1551 1116 1592 oculis,
1147 1545 1280 1594 quibus
1308 1551 1416 1595 ipsos,
1452 1551 1576 1586 xidere
1610 1563 1677 1586 nec

122 1596 344 1631 commoveri
377 1596 423 1630 ad
460 1597 616 1641 primam
650 1596 885 1630 familiarium
920 1597 1253 1633 (111013100οω.ᾶο
1286 1598 1428 1641 provid.
1462 1598 1531 1632 IV.
1567 1600 1597 1635 5.
1631 1599 1678 1633 ad

121 1640 236 1676 Mare.
262 1642 308 1677 de
333 1644 470 1678 consol.
496 1643 548 1677 Il.
577 1643 609 1678 4.
635 1643 709 1678 ΠΙ.
737 1644 768 1679 2.
797 1643 922 1688 Quint.
949 1644 1015 1678 VI.
1043 1646 1075 1680 3
1104 1645 1134 1680 6.
1169 1645 1260 1678 mihi
1294 1644 1388 1678 filius
1422 1646 1543 1679 minor
1574 1647 1676 1689 quin-

119 1691 199 1722 tum
233 1700 399 1735 egressus
432 1702 567 1724 annum
599 1691 701 1735 prior
734 1691 891 1725 alterum
924 1703 968 1725 ex
1004 1691 1144 1726 duobus
1180 1692 1275 1726 eruit
1300 1692 1432 1727 lumen.
1472 1692 1527 1726 Ne
1552 1696 1677 1727 tamen

120 1736 233 1770 nimio
272 1737 398 1772 dolore
436 1738 480 1772 de
517 1738 654 1772 nostris
700 1741 818 1772 morte
856 1739 997 1773 amissis
1043 1739 1296 1773 conflictemur
1332 1742 1457 1773 monet
1493 1739 1576 1775 Sen.
1619 1752 1675 1784 ep.

217 1811 286 1866 14.
316 1831 475 1866 Versum
516 1831 724 1867 foedissime
769 1836 981 1886 corruptum
1016 1833 1084 1867 viri
1131 1833 1230 1867 docti
1277 1833 1341 1867 3111
1387 1833 1496 1867 aliter
1547 1845 1675 1868 sanare

120 1878 243 1911 conati
270 1882 364 1914 sunt.
407 1878 571 1924 Scaliger
596 1879 743 1923 quidem
766 1891 913 1914 versum
938 1880 990 1914 sic
1016 1880 1172 1924 scripsit,
1199 1882 1241 1914 ut
1267 1881 1422 1925 scriptus
1443 1884 1561 1915 exstat
1579 1882 1677 1925 apud

121 1923 321 1959 Gruterum
345 1937 379 1960 v,
406 1927 507 1961 2700
543 1926 665 1961 Homo
700 1929 845 1971 semper
878 1927 917 1960 in
943 1938 981 1961 os
1016 1927 1088 1961 fert
1123 1927 1240 1968 aliud,
1275 1927 1376 1962 aliud
1409 1928 1556 1973 cogitat„
1603 1928 1676 1963 Sed

120 1971 217 2005 idem
243 1971 421 2007 Gruterus
448 1985 594 2007 versum
619 1974 657 2007 in
682 1974 876 2008 trochaicis
904 1974 955 2008 310
981 1975 1145 2009 exhibet:
1172 1974 1296 2009 Homo
1315 1986 1459 2019 semper
1484 1975 1585 2009 aliud
1602 1975 1676 2011 fert

118 2017 156 2051 in
183 2030 230 2059 se,
258 2019 296 2053 in
323 2020 479 2054 alterum
506 2020 607 2054 aliud
633 2021 791 2064 cdgitat:
819 2032 911 2064 quae
935 2032 1061 2055 versus
1082 2021 1199 2056 forma
1217 2034 1301 2056 cum
1318 2021 1472 2056 Erasmo
1492 2023 1672 2066 congruit,

118 2065 188 2098 nisi
215 2066 310 2110 quod
336 2067 365 2100 is
392 2067 587 2101 verborum
613 2068 742 2102 ordine
777 2071 916 2102 mutato
951 2069 1117 2112 scripsit:
1145 2068 1216 2109 ,,,Η
1245 2081 1272 2104 3.
1298 2069 1336 2103 111
1362 2080 1440 2103 3030
1467 2068 1566 2103 aliud
1592 2069 1673 2112 fert,

118 2112 156 2145 in
175 2112 331 2147 alterum
346 2114 445 2148 aliud
463 2119 505 2149 c.‘
511 2119 752 2158 ‘tersumque
770 2126 844 2148 non
861 2115 1098 2157 trochaicum,
1126 2115 1189 2150 sed
1207 2116 1403 2150 iambicum
1421 2097 1675 2151 tetrametruni

117 2160 270 2203 putavit.
314 2159 511 2195 Gruterum
545 2162 661 2195 secuti
694 2164 793 2204 sunt,
830 2166 869 2195 ut
896 2162 1000 2203 solet.
1035 2163 1090 2198 ed.
1117 2162 1198 2206 Bip.
1233 2166 1270 2197 et
1296 2162 1474 2205 Orellius3
1508 2164 1674 2207 ineptum

117 2205 214 2241 hunc
239 2218 402 2242 vtersum
442 2208 513 2250 ,,,Η
541 2220 568 2244 3.
594 2209 632 2242 in
654 2220 693 2242 03
720 2208 794 2242 fert
818 2209 928 2250 aliud,
956 2196 1055 2243 aliud
1081 2210 1244 2253 cogitat“
1270 2222 1308 2244 se
1335 2210 1499 2244 omisisse
1526 2211 1577 2244 ait
1601 2211 1672 2245 Bo-

116 2253 214 2287 thius
248 2254 294 2288 ad
326 2254 599 2291 Pub1.x.303.
637 2255 718 2290 Iam
742 2255 977 2290 Woelfflinus
1010 2259 1203 2300 postquam
1236 2257 1325 2292 oiim
1358 2256 1454 2291 Phil.
1481 2256 1609 2293 XXII.

117 2299 198 2336 461.
224 2301 397 2337 coniecit:
426 2301 497 2342 ,Η,.
525 2313 634 2346 saepe
659 2302 780 2336 furit
805 2303 843 2337 in
869 2303 992 2337 aliud“
1019 2307 1108 2347 etqs.
1135 2307 1212 2338 tum
1251 2316 1288 2338 se
1314 2304 1424 2338 malle
1452 2304 1562 2339 dixit.
1599 2270 1672 2346 ‚‚Hp.

117 2357 226 2391 saepe
244 2348 398 2382 fertur
421 2349 459 2383 in
477 2349 599 2384 aliud⁴‘
620 2353 681 2394 etq
684 2361 710 2383 s.
729 2349 791 2394 (cf.
808 2349 945 2386 Nauck.
972 2351 995 2386 l.
1022 2350 1046 2386 l.
1065 2363 1099 2395 p.
1120 2351 1216 2395 206.)
1243 2351 1388 2404 scripsit
1412 2353 1547 2392 tamen,
1575 2353 1673 2396 quod

117 2392 286 2428 Halmius
313 2398 351 2429 et
368 2395 517 2440 Maehly
520 2409 561 2430 us
579 2361 812 2431 scribendum
828 2401 1112 2441 proposuerant.-
1141 2398 1212 2439 „H.
1233 2409 1341 2442 saepe
1358 2398 1396 2432 in
1415 2398 1514 2431 aliud
1532 2364 1671 2433 ferciurss

116 2443 208 2485 etqs.
234 2441 458 2477 Ribbeckius
477 2447 599 2478 autem
627 2444 682 2478 ed.
701 2443 753 2478 ΙΙ.
772 2444 825 2477 ita
850 2444 1027 2480 coniecit:
1055 2444 1126 2487 ,,,Η
1154 2445 1227 2479 fert
1252 2457 1340 2490 prae
1367 2456 1404 2479 se
1430 2445 1540 2486 aliud,
1573 2446 1672 2480 aliud

115 2487 241 2522 furtim
267 2490 442 2533 cogitat‚“
477 2489 694 2535 Spengelius
728 2490 818 2525 haec
844 2492 1055 2535 proposuit:
1089 2491 1161 2532 ,,,Η
1197 2503 1341 2536 semper
1375 2492 1476 2526 aliud
1509 2491 1669 2533 fluticat,

116 2535 217 2569 aliud
242 2537 415 2581 cogitat,“
442 2537 528 2581 Mey
531 2549 611 2572 erus
637 2550 672 2582 p.
699 2539 731 2573 8.
759 2538 811 2572 310
836 2538 960 2573 malit:
987 2538 1060 2579 ,Η
1086 2550 1231 2584 semper
1256 2539 1356 2573 aliud
1381 2539 1544 2573 Fortuna
1571 2519 1671 2573 aliud

115 2583 289 2626 cogitatf‘
339 2563 431 2618 Mihi
463 2585 610 2628 quidem
644 2596 726 2618 cum
757 2585 795 2618 in
829 2574 1037 2619 universum
1070 2586 1114 2620 de
1148 2587 1329 2621 sententia
1357 2588 1551 2627 constaret,
1579 2598 1671 2630 quae

117 2639 194 2663 esse
212 2629 370 2671 doceret,
390 2633 431 2664 ut
448 2631 556 2665 homo
576 2632 677 2666 aliud
694 2632 752 2666 vel
770 2632 910 2666 diceret
925 2632 984 2667 vel
1001 2632 1147 2674 faceret,
1176 2634 1276 2667 aliud
1310 2634 1501 2677 cogitaret,
1537 2645 1607 2677 qua
1625 2634 1671 2668 de

115 2676 257 2710 malitia
281 2681 408 2712 notum
428 2682 523 2713 esset
539 2679 632 2712 illud
648 2678 803 2712 Homeri
819 2679 878 2713 101
895 2679 1053 2714 Achillis
1079 2680 1121 2725 (J
1124 2680 1147 2715 l
1166 2679 1233 2716 IX.
1254 2681 1332 2715 312.
1352 2681 1455 2723 313):
1482 2679 1556 2714 iam
1579 2680 1672 2714 illud

113 2722 236 2757 animo
262 2725 473 2768 scrupulum
498 2725 633 2766 injecit,
660 2725 757 2769 quod
782 2726 967 2760 hominem
993 2738 1170 2771 semper
1195 2731 1257 2761 aut
1283 2727 1381 2771 quod
1407 2727 1469 2761 3111
1497 2727 1672 2761 substitu-
