1967 3090
1029 94 1104 133 148
1168 117 1221 119 ὼ

284 209 498 248 queruntur.
527 216 609 238 enm
639 206 781 238 interim
810 206 877 239 hoc
904 207 1069 240 omnibns
1096 207 1230 248 haeret,
1258 208 1353 250 quod
1373 208 1539 241 omnibus
1566 208 1747 251 displicet.
1774 208 1843 244 IV.

294 253 341 287 ίῖ.
371 255 402 287 2.
431 253 590 295 adeoque
618 254 781 295 gratiosa
808 254 921 287 virtus
948 260 1011 288 est.
1049 258 1083 287 ut
1115 254 1260 287 insitum
1297 255 1342 288 sit
1369 259 1403 287 et
1429 256 1533 288 malis
1560 256 1716 299 probaro
1742 256 1843 290 meli-

286 312 358 333 ora.
395 300 474 342 quis
511 303 563 333 est
599 301 658 342 qui
694 312 766 334 non
798 301 979 334 beneficus
1015 302 1128 335 videri
1165 302 1278 335 velit?
1313 303 1372 344 qui
1408 314 1480 335 non
1516 303 1611 336 inter
1646 303 1783 337 scelera
1809 306 1846 336 et

287 347 436 380 iniurias
472 347 681 390 opinionem
709 348 882 381 bonitatis
918 349 1098 382 adfectet?
1127 348 1193 383 lv.
1226 349 1275 383 17.
1304 349 1542 383 -1.n‹min‹m
1577 350 1746 393 1··ep‹1·ies‚
1782 350 1842 393 qui

287 405 357 427 non
386 394 566 437 nequitiae
596 395 764 437 piacmiis
799 396 875 429 sine
910 396 1068 439 nequiti1
1104 396 1172 429 t'rui
1201 397 1315 430 malit
1367 397 1523 453 (ἑκοῃηηι-
1525 410 1545 430 ι
1570 396 1675 430 Pauli
1707 409 1762 440 ep.
1798 397 1845 431 ad

285 441 389 475 Rom.
421 440 507 474 VII.
541 442 590 476 1:⁵1,
618 456 658 473 m
685 441 751 486 yfir>
775 457 794 473 υ
825 441 931 480 stela&
964 444 1065 475 rosto
1093 445 1248 488 'rationum
1274 441 1348 475 dt)
1377 443 1397 475 ὁ
1422 445 1526 485 μισῶ,
1551 445 1656 477 τοῦτο
1685 456 1787 479 trouu

386 490 433 522 ll.
461 488 586 524 „Ii-ato
621 474 693 522 noxi
728 493 782 522 ‹st
820 490 941 523 danda
980 491 1121 524 occasio
1160 491 1330 530 nocendi,
1371 491 1434 524 sed
1473 492 1593 534 potius
1628 491 1844 525 adimenda“

286 535 472 570 Erasmus.
523 535 671 569 Publilii
706 548 848 570 versum
883 537 1027 571 videtur
1062 538 1264 581 respexisse
1298 537 1379 573 Sen.
1415 538 1459 572 dc
1486 538 1527 572 ir.
1555 538 1582 571 I.
1613 539 1665 578 19,
1693 540 1714 571 8
1750 539 1845 573 male

285 582 376 616 irato
410 583 546 616 ferrum
580 583 829 617 committitur.
881 584 1082 618 Woelfflin.
1118 585 1212 618 Phil.
1239 584 1365 620 XXII.
1401 597 1435 628 p.
1470 586 1549 620 Λ163.
1583 585 1636 619 Cf.
1674 585 1748 620 Cic.
1784 585 1844 621 off.

285 628 357 665 III.
385 632 441 665 223.
471 630 548 663 Cat..
576 630 604 665 Ι.
633 634 664 671 6,,
700 632 747 666 16.

380 680 421 712 ’“2
460 677 530 715 „Sc
566 678 747 719 denegare
781 679 921 721 patriae
955 679 1121 712 exsilium
1157 682 1213 712 est
1248 678 1334 722 pati.
1399 679 1459 712 Sic
1495 680 1591 713 enim
1625 679 1844 714 versiculum

284 724 379 759 hunc
406 725 636 758 mutavimus.
688 726 756 769 Qui
785 726 873 760 latet
900 729 935 759 et
960 738 1033 759 non
1059 729 1224 760 versatur
1253 727 1284 759 in
1317 726 1517 770 republica,
1553 727 1582 760 is
1616 738 1681 760 sua
1713 729 1844 771 sponte

282 772 382 805 exsul
403 775 480 805 ost-⁶
499 772 683 807 Erasmus.
734 773 841 815 Quod
860 773 943 806 libri
970 773 1141 807 exhibent
1159 774 1259 817 pati
1281 777 1357 813 est,
1398 777 1459 807 aut
1485 774 1717 808 librariorum
1743 786 1845 809 error

284 823 339 852 est
366 823 426 852 aut
454 819 700 862 interpolatio.
752 820 928 853 Publilius
956 821 1052 854 enim
1086 821 1186 854 vario
1222 821 1367 854 dicendi
1397 833 1530 863 genere
1564 822 1681 855 utitur
1705 822 1763 855 vcl
1790 832 1843 862 eo,

283 870 319 899 ut
348 866 567 899 infinitivum
593 867 772 900 infinitivo
807 867 974 910 explicet,
1011 868 1110 901 velut
1136 867 1240 903 Publ.
1276 867 1306 900 13
1334 870 1353 900 ι’)
1380 869 1470 907 (48).
1499 869 1539 904 Β.
1576 869 1615 903 ,17
1645 870 1735 912 (60).
1763 869 1797 903 D
1823 870 1844 903 2

283 914 397 957 (12:13).
432 913 463 947 E
489 914 510 948 ὅ
537 914 644 956 (154).
678 913 707 947 F
735 916 778 948 22
806 915 920 957 (137).
956 914 975 947 l
1009 917 1029 949 2
1056 917 1166 955 (2:251).
1202 914 1220 948 1
1248 916 1290 949 53
1317 918 1426 955 (2³23).
1462 915 1490 949 P
1521 918 1562 950 21⁷
1591 917 1707 960 (470).
1741 915 1772 949 P
1799 916 1844 950 24

283 961 407 1004 (41313
434 960 491 994 vel
519 972 571 1000 ec,
599 964 638 993 ut
664 972 730 1004 pro
765 961 882 994 altero
908 962 1090 995 infinitivo
1125 962 1274 995 verbum
1307 962 1460 1003 ᾗῃὶῒηιιιῃ
1498 975 1564 1007 pio
1601 963 1716 997 altero
1751 963 1843 997 rela-

284 1008 397 1041 tivam
432 1008 720 1042 enuntiationem
756 1008 964 1045 substituat
1001 1009 1101 1043 velut
1126 1008 1231 1042 Publ.
1259 1010 1293 1042 A
1324 1012 1374 1044 12.
1402 1010 1432 1043 Β
1458 1010 1479 1043 8
1506 1018 1529 1048 (-
1526 1011 1598 1049 r31).
1625 1011 1655 1044 B
1686 1011 1726 1044 15
1754 1011 1844 1055 (58).

282 1054 312 1087 Β
339 1056 377 1089 21
409 1055 499 1099 (64)
534 1054 564 1088 Β
591 1056 635 1089 2.“3
661 1056 749 1093 (66),
777 1056 804 1089 (
843 1057 882 1089 13
912 1057 1007 1099 (97η
1040 1057 1099 1089 vel
1125 1068 1177 1095 eo,
1206 1060 1245 1089 ut
1271 1056 1426 1090 alterum
1453 1057 1671 1091 infinitivum
1700 1058 1845 1092 nomine

286 1106 477 1145 permutet
504 1102 605 1136 xelut
630 1101 736 1137 Publ.
762 1104 797 1136 A
816 1104 871 1138 2η.
898 1103 928 1137 Β
950 1103 991 1137 18
1017 1103 1166 1145 (131).B
1185 1104 1229 1137 4«)
1255 1104 1343 1143 (853).
1369 1103 1403 1137 D
1423 1106 1442 1138 6
1469 1105 1581 1148 (128).
1608 1104 1638 1139 P
1656 1106 1695 1139 41
1728 1106 1844 1149 (4210).

284 1148 312 1183 P
340 1150 394 1184 55.
423 1148 478 1183 De
504 1150 623 1183 verbis
651 1149 695 1183 ci.
723 1150 806 1185 Sen.
834 1150 879 1184 ad
906 1150 1013 1184 Helv.
1041 1151 1086 1184 de
1113 1150 1248 1184 consol.
1276 1149 1381 1186 XVI.
1409 1151 1440 1185 7.

381 1197 434 1231 13.
462 1196 587 1237 „Nihil
614 1200 669 1230 est
695 1200 771 1231 tam
796 1198 986 1237 minutum,
1015 1198 1112 1241 quod
1139 1209 1209 1231 non
1236 1198 1354 1241 possit
1381 1198 1541 1241 aliquid*
1568 1198 1751 1234 Erasmus.

381 1244 435 1278 14.
463 1244 733 1285 „Miserrimum
752 1248 807 1278 est
825 1256 1085 1280 consenescere
1103 1248 1202 1279 metu
1219 1245 1317 1286 mali,
1337 1246 1433 1288 quod
1452 1246 1611 1280 nondum
1630 1247 1843 1281 advenerit-⁶

285 1291 469 1326 Erasmus.
520 1291 573 1326 (Jf.
601 1291 706 1326 Publ.
735 1291 769 1325 V
796 1294 815 1327 3
843 1294 954 1336 (0⁷31).

380 1340 432 1372 15.
459 1338 589 1372 Fidem
620 1339 658 1372 in
690 1340 844 1373 consilio
877 1340 1012 1374 habere
1047 1338 1228 1384 significat
1262 1339 1371 1373 fidem
1410 1339 1446 1373 in
1479 1340 1641 1374 consiliis
1674 1341 1843 1376 ineundis

281 1389 453 1428 tanquam
488 1385 708 1420 assidentem
740 1387 885 1427 habere,
920 1398 1000 1421 nos:
1041 1387 1138 1421 Treu
1171 1386 1245 1420 und
1279 1386 1447 1421 &lauben
1481 1388 1517 1421 in
1550 1388 1685 1421 seinem
1720 1388 1842 1422 Rathe

283 1433 437 1466 wohnen
462 1433 593 1466 lassen.
645 1433 698 1467 Cf.
719 1433 791 1469 Cio.
812 1434 871 1469 ofl.
890 1433 920 1470 I.
942 1436 996 1470 13.
1023 1438 1131 1478 atque
1158 1435 1268 1468 etiam
1295 1434 1325 1467 si
1351 1434 1437 1477 quid
1464 1435 1599 1479 singuli
1617 1436 1843 1479 temporibus

283 1479 432 1514 adducti
458 1481 554 1514 hosti
581 1481 825 1524 promiserint,
854 1485 909 1515 est
927 1482 963 1515 in
982 1493 1023 1516 eo
1041 1482 1121 1525 ipso
1140 1481 1229 1515 fides
1249 1482 1503 1516 conservanda.
1557 1481 1651 1525 „Qui
1670 1483 1841 1526 sequitur,

282 1527 378 1570 quod
405 1528 520 1561 dictat
546 1527 646 1569 fides,
682 1540 754 1562 non
781 1529 876 1572 quod
903 1529 1017 1569 dolor,
1052 1530 1081 1562 is
1108 1529 1219 1563 etiam
1245 1528 1410 1563 hostibus
1447 1530 1517 1563 erit
1551 1535 1708 1573 aequus“
1735 1530 1843 1564 Eras-

281 1586 370 1610 mus.
421 1574 476 1610 Of.
504 1574 609 1609 Publ.
637 1575 668 1609 E
695 1576 714 1610 2
741 1576 856 1621 (148).

380 1623 432 1656 16.
458 1622 576 1656 Multo
609 1622 751 1657 facilius
778 1627 886 1657 nocet
920 1624 942 1658 i.
969 1635 998 1658 e.
1024 1625 1141 1658 multo
1168 1623 1312 1657 facilins
1339 1623 1381 1656 fit
1406 1626 1446 1657 ut
1472 1628 1612 1658 noceat.
1663 1624 1742 1666 „Ex
1768 1625 1843 1659 alto

284 1669 498 1703 cadentibus
538 1670 777 1713 periculosior
815 1674 871 1705 est
908 1671 1023 1705 ruina.
1092 1671 1148 1705 Ita
1186 1670 1426 1714 periculosius
1469 1671 1646 1705 deicimur
1685 1683 1729 1706 ex
1768 1672 1844 1707 alta

281 1718 451 1750 fortuna-'⁴
480 1716 666 1752 Erasmus.
716 1717 768 1751 Cf.
797 1717 903 1752 Publ.
931 1718 978 1752 H.
1007 1719 1051 1753 28
1078 1719 1191 1761 «sem.

379 1765 432 1799 17.
460 1763 591 1798 Exitus
619 1776 739 1798 rerum
767 1765 811 1799 de
840 1777 978 1799 summa
1003 1766 1178 1800 decernit.

380 1813 434 1847 18.
461 1811 600 1845 Versus
639 1813 858 1846 sententiam
892 1824 1110 1856 quamquam
1137 1813 1336 1846 illustravit
1361 1813 1538 1847 Gruterus
1564 1813 1645 1846 loco
1672 1825 1715 1847 ex
1741 1813 1842 1848 Cice·

281 1859 390 1899 ronis,
418 1870 508 1902 quae
534 1859 644 1902 vulgo
672 1859 797 1899 fertur,
826 1860 871 1893 ad
890 1861 1050 1904 Quirites
1079 1861 1244 1893 oratione
1270 1864 1354 1904 post
1379 1861 1537 1894 reditum
1556 1871 1633 1903 cap.
1652 1860 1683 1894 1.
1710 1861 1841 1896 allato:

281 1906 488 1945 Amicitiae,
516 1907 808 1947 consuetudines,
835 1908 1049 1948 vicinitates,
1079 1907 1279 1944 clientelae,
1308 1908 1383 1941 ludi
1410 1907 1564 1950 denique
1582 1911 1617 1941 et
1643 1908 1720 1941 dies
1747 1908 1842 1950 festi,

282 1954 369 1996 quid
394 1953 573 1987 haberent
598 1954 807 1997 voluptatis,
843 1955 1000 1989 carendo
1026 1956 1140 1998 magis
1167 1954 1341 1994 intellexi,
1378 1966 1485 1998 quam
1518 1954 1688 1996 fruendo3
1721 1958 1843 1989 tamen

281 2001 374 2034 adeo
393 2000 461 2033 sibi
489 2000 566 2044 ipse
584 2002 863 2044 nonpersuasit
893 2005 933 2035 ut
955 2014 992 2036 se
1017 2003 1157 2036 nescire
1184 2002 1348 2042 subiciat,
1365 2013 1411 2035 an
1436 2013 1562 2035 verum
1589 2002 1696 2037 dicat.
1747 2002 1844 2037 Sunt

283 2048 449 2091 profecto
476 2048 514 2081 in
540 2048 688 2089 vuloata
716 2049 912 2093 sciiptuia:
956 2049 1019 2083 Ex
1047 2050 1134 2083 lite
1160 2050 1304 2082 multa
1329 2049 1482 2094 gratia
1508 2049 1568 2082 fit
1593 2049 1842 2084 formosior

281 2106 374 2138 quae
409 2094 822 2130 ofle11dant.P1imum
850 2097 945 2130 enim
972 2108 1044 2130 non
1072 2097 1310 2141 intellegitur,
1345 2108 1415 2139 quo
1451 2096 1528 2130 iure
1554 2096 1652 2130 dicat
1678 2096 1766 2137 fieri,
1802 2100 1842 2130 ut

281 2154 323 2176 ex
350 2143 466 2176 multa
494 2142 515 2176 i.
543 2154 573 2177 e.
600 2143 673 2176 acri
700 2143 763 2177 lite
790 2144 910 2187 gratia
935 2144 993 2178 vel
1019 2144 1266 2178 reconciliatio
1286 2143 1472 2187 pulchrior
1499 2143 1554 2178 sit.
1582 2155 1689 2187 quain
1708 2155 1749 2178 ex
1776 2144 1841 2178 lite

281 2190 404 2222 minus
431 2189 648 2225 vehementi.
701 2190 815 2224 Nemo
843 2192 939 2224 enim
965 2191 1172 2230 contendet,
1205 2203 1275 2233 quo
1294 2191 1410 2224 maior
1436 2191 1531 2224 inter
1557 2191 1647 2225 duos
1666 2191 1841 2234 quosdam

281 2237 326 2269 lis
353 2238 501 2277 oriatur,
530 2248 571 2270 eo
599 2238 855 2280 speciosiorem
889 2238 966 2272 fore
993 2239 1194 2272 animorum
1229 2238 1575 2273 rect›nciliationenn
1627 2238 1732 2282 Quod
1758 2249 1841 2272 cum

286 2283 515 2317 intellectum
534 2289 639 2319 esset,
660 2285 887 2319 exstiterunt.
908 2286 969 2328 qui
988 2297 1054 2329 pro
1080 2286 1187 2318 mult
1202 2297 1219 2318 a
1240 2285 1470 2318 scribendmn
1489 2289 1661 2329 putarent
1685 2286 1839 2320 multo.

281 2330 355 2364 Sed
382 2342 426 2364 ne
454 2331 491 2364 id
518 2332 663 2373 quidem
690 2333 844 2366 multum
870 2333 969 2366 valet
1003 2333 1048 2366 ad
1075 2333 1304 2367 sententiam,
1339 2344 1419 2365 cum
1454 2333 1723 2376 comparativus
1750 2332 1838 2366 for-

280 2379 457 2411 mosior
484 2379 570 2411 satis
598 2378 733 2417 suisset,
769 2383 808 2412 ut
834 2380 902 2413 hoc
929 2380 1206 2423 intellegeretur
1231 2391 1273 2413 ex
1302 2379 1365 2413 lite
1400 2380 1514 2413 ferme
1541 2380 1657 2413 solere
1690 2390 1838 2413 concor-

283 2425 383 2458 diam
411 2425 601 2459 laetiorem
628 2426 812 2465 exsistere,
849 2438 957 2470 ‹1uam
987 2439 1076 2470 quae
1105 2439 1146 2460 ex
1173 2438 1348 2461 consensu
1376 2434 1480 2460 essct.
1532 2426 1632 2469 Quae
1659 2426 1841 2460 sententia

281 2483 363 2505 cum
390 2472 450 2505 vix
478 2472 645 2515 cuiquam
670 2473 846 2517 probetur
871 2475 1069 2517 vitiumque
1096 2475 1133 2507 in
1159 2486 1195 2508 v.-
1218 2474 1361 2507 multa
1389 2474 1503 2508 latere
1522 2473 1755 2507 manifest-um
1781 2473 1837 2512 sit,

281 2518 504 2553 Ribbeckius
528 2531 671 2553 versum
698 2521 909 2555 coniectura
935 2533 1063 2555 sanare.
1101 2522 1261 2561 studuit,
1297 2526 1336 2554 ut
1369 2532 1434 2564 pro
1477 2521 1629 2554 mult-a
1663 2521 1839 2554 scriberet

281 2566 439 2601 inulta.
459 2566 535 2600 Nec
554 2570 676 2600 tamen
703 2567 819 2602 facilis
839 2569 1034 2612 explicatio
1054 2572 1108 2602 est
1127 2569 1201 2602 litis
1220 2567 1365 2608 inultae,
1393 2569 1461 2601 nisi
1480 2568 1574 2602 forte
1593 2572 1646 2601 est
1671 2569 1750 2601 rixa
1774 2567 1838 2611 (cf.

282 2613 365 2648 Sen.
386 2613 429 2646 de
449 2613 490 2648 ir.
510 2613 581 2647 III.
602 2614 632 2654 9,
654 2615 684 2648 5.
705 2615 794 2649 adeo
813 2618 853 2649 ut
871 2616 1047 2658 quosdam
1067 2616 1238 2649 salutatio
1258 2618 1291 2648 et
1311 2616 1468 2658 epistula
1486 2618 1519 2649 et
1540 2615 1656 2648 oratio
1676 2619 1710 2649 et
1728 2615 1836 2648 inter-

281 2661 423 2704 rogatio
451 2661 486 2693 in
515 2661 615 2694 litem
642 2666 804 2696 evocent.
831 2663 875 2696 dc
903 2663 1001 2698 brev.
1021 2664 1085 2698 vit.
1105 2662 1177 2696 ΠΙ.
1197 2663 1228 2697 *2.
1247 2662 1290 2695 lis
1316 2663 1460 2703 uxoria)
1487 2673 1594 2705 quam
1620 2662 1837 2706 impunitam

281 2707 447 2742 relictam
474 2718 545 2741 non
572 2713 782 2751 persecutus
809 2721 856 2744 es.
909 2710 982 2744 Sed
1008 2722 1051 2744 ex
1087 2710 1164 2743 rixa
1190 2710 1241 2743 ita
1267 2709 1390 2743 sedata
1424 2710 1481 2743 vel
1516 2710 1656 2747 omissa,
1691 2713 1729 2742 ut
1761 2709 1836 2743 eius
