1967 3090
824 105 1143 149 -246—

162 216 174 264 ’,
205 223 406 259 Woelfflin.
434 222 572 266 Haupt.
601 221 694 256 Phil.
716 220 788 255 ΙΙΙ.
815 233 850 265 p.
883 221 960 256 376.
989 233 1021 256 v,
1050 221 1098 256 6.;
1134 220 1305 254 Amicum
1331 219 1436 254 tarde
1465 220 1632 263 acquiris⁷
1662 220 1766 254 amit—

206 272 254 305 tis
283 271 364 305 cito.

308 319 359 351 11.
386 316 618 351 Menefraues
654 328 734 350 cum
767 315 821 348 illi
856 315 1002 358 quidam
1030 315 1178 355 diceret.
1214 314 1275 348 ille
1301 314 1399 347 illius
1427 313 1562 347 amicus
1590 317 1654 354 est,
1691 325 1764 354 cur.

207 365 334 408 iuquit.
369 364 431 397 illo
466 364 581 397 divite
614 363 676 396 ille
711 374 850 407 pauper
884 362 962 396 est?
1000 362 1153 395 Amicus
1179 373 1251 396 non
1278 365 1343 401 est.
1371 361 1431 404 qui
1458 360 1624 395 fortunae
1651 362 1763 406 parti-

209 424 293 456 ceps
320 422 392 444 non
420 414 486 445 est.

300 470 334 502 p.
363 459 417 493 2-1.
444 457 543 492 Mon.
571 457 656 492 XV.
686 458 716 492 5.
747 456 1000 499 „Menefraues
1018 467 1151 489 nomen
1178 458 1391 499 corruptum
1417 459 1489 489 est:
1516 454 1766 500 Menophanes

207 507 299 541 coni.
328 505 366 541 C.
395 504 435 540 L.
464 504 574 540 Roth.
603 504 660 538 W.
687 504 729 537 B.
757 503 1060 538 I)en10sthenes.··
1087 502 1292 536 Woelfflin.

305 553 358 587 12.
385 552 542 586 Plurimi
569 563 631 586 sua
659 551 844 585 amittunt.
872 562 953 584 cum
981 550 1098 584 aliena
1125 552 1315 594 appetunt.

301 612 335 644 p.
363 600 418 635 41.
455 598 536 634 Par.
571 599 626 633 48.
661 598 720 633 W.
758 598 799 634 B.
835 597 936 633 Socr.
971 598 1067 631 dum
1100 609 1167 641 pro
1201 608 1298 630 cum
1333 596 1514 640 probante
1540 596 1767 633 Woelfflino.

206 646 431 681 Ribbeekius
459 658 477 681 e
504 647 582 681 cod.
613 646 757 680 Cusano
785 658 820 679 c:
849 645 997 689 plurimi
1025 657 1086 678 sua
1110 644 1294 683 amittunt.
1322 655 1403 677 cum
1430 643 1548 677 aliena
1576 648 1764 688 appetunt.

205 705 238 728 v.
270 695 350 729 174:
389 693 461 728 Sua
496 694 600 728 multi
628 693 811 727 amittunt.
849 692 979 735 cupide
1016 704 1097 725 cum
1126 691 1243 725 aliena
1270 692 1457 735 appetunt.
1501 690 1641 735 Haupt.
1668 690 1764 726 Phil.

206 739 279 776 III.
316 754 349 786 p.
384 741 462 776 377.
496 753 527 774 v.
563 742 637 775 '36st
683 739 855 783 Plerique
890 739 1064 773 amittunt
1099 750 1179 780 sua,
1214 738 1334 772 aliena
1360 738 1447 772 dum
1481 741 1670 782 appetunt.
1711 738 1766 772 Cf.

206 788 427 823 Stob.F101·.
460 789 513 830 10,
541 788 596 823 (39.
623 787 759 831 Aerop.
788 787 866 821 219.
894 785 1049 821 Phaedr.
1076 785 1106 820 I.
1135 787 1166 821 4.

304 837 357 870 1:13.
384 835 516 869 Amico
544 834 633 868 fides
661 834 854 877 coagulum
882 836 935 867 est
962 833 1144 867 amicitiae
1171 836 1262 876 etqs.

300 895 334 927 p.
363 882 417 916 ¹25.
444 881 543 916 Mon.
572 881 657 916 XV.
688 880 740 916 19.
768 880 823 916 Cf.
851 880 956 914 Caec.
984 879 1087 915 Ball).
1117 879 1219 915 Sent.
1248 880 1278 914 ἲ.
1306 892 1339 924 p.
1367 880 1422 916 39.
1449 879 1532 913 Par.
1561 880 1615 914 24.
1661 878 1760 915 Sent.

206 930 299 964 falso
327 931 422 963 inter
448 929 553 963 Publ.
581 932 719 972 recept.
748 928 803 962 21.

304 978 355 1012 14.
395 977 531 1010 Animo
564 977 681 1009 virum
716 976 860 1019 pudica,
900 986 972 1009 non
1006 975 1120 1009 oculis
1155 975 1276 1019 eligit:
1315 974 1448 1018 pudica
1476 985 1577 1018 spem
1603 974 1755 1018 quaerit,

205 1036 278 1058 non
304 1035 392 1058 rem.

300 1084 333 1116 p.
361 1071 416 1106 26.
444 1070 545 1105 Mon.
564 1069 693 1105 XVII.
721 1070 753 1104 3.
780 1069 814 1103 b.
857 1068 998 1112 „Scrib.
1026 1069 1262 1112 impudica
1289 1069 1495 1112 speciem
1523 1080 1602 1102 cum
1622 1067 1680 1104 W.
1700 1067 1765 1103 Β.“

204 1118 406 1153 Woelfflin.
434 1117 574 1162 Haupt.
601 1117 697 1152 Phil.
724 1115 797 1150 III.
825 1129 859 1161 p.
888 1116 967 1151 359.
994 1128 1026 1151 v,
1055 1117 1109 1150 71.

303 1167 355 1201 15.
382 1165 535 1207 Ducem⁷
571 1165 631 1208 qui
656 1176 729 1198 non
756 1164 910 1205 laborat,
947 1168 985 1197 ut
1013 1174 1118 1197 carus
1144 1163 1322 1197 militibus
1350 1164 1406 1204 sit⁷
1442 1163 1582 1197 nescire
1612 1162 1767 1196 militem

208 1224 362 1247 armare.

301 1272 334 1304 p.
364 1260 418 1295 32.
446 1259 545 1294 Mon.
572 1258 651 1294 XL.
682 1258 828 1294 1.Julio
843 1257 991 1292 Caesari
1018 1257 1158 1291 dictum
1184 1257 1354 1291 tribuunt
1378 1256 1432 1291 Io.
1461 1256 1539 1293 Sar.
1567 1256 1700 1291 Polior.
1728 1258 1768 1297 4,

209 1308 239 1343 3.
268 1311 303 1341 et
336 1306 377 1342 V.
416 1306 457 1340 B.
493 1318 546 1350 sp.
573 1306 607 1340 d.
637 1307 666 1346 7.
695 1306 751 1341 30.
777 1305 982 1340 XVoelfflin.
1009 1304 1220 1339 Sententiae
1256 1316 1408 1339 acumen
1440 1305 1478 1338 in
1512 1304 1769 1348 paronomasia

207 1355 369 1399 positum
387 1354 542 1394 videtur⁷
572 1356 611 1387 ut
637 1364 815 1387 armare
841 1357 877 1387 et
896 1363 1048 1386 amare
1065 1355 1309 1396 opponantur⁷
1337 1355 1376 1386 ut
1402 1352 1581 1386 saevire
1607 1355 1644 1385 et
1670 1362 1767 1385 ser-

204 1402 307 1436 vire
343 1401 442 1436 Sent.
479 1401 571 1434 falso
605 1401 702 1434 inter
727 1400 833 1434 Publ.
867 1403 1003 1444 recept.
1041 1400 1118 1434 112.
1145 1399 1327 1433 indicat
1353 1402 1389 1433 et
1415 1399 1640 1433 vindicat
1665 1397 1765 1432 Sent.

205 1448 299 1483 falso
334 1450 430 1482 inter
456 1447 561 1482 Publ.
596 1451 735 1492 recept.
774 1448 850 1482 1⁴24.
887 1447 1140 1482 consilium
1174 1450 1209 1481 et
1236 1446 1503 1481 convivium
1529 1445 1632 1480 Caec.
1659 1445 1767 1479 Balb.

208 1496 306 1531 Sent.
334 1497 388 1531 43.

285 1546 356 1579 16.
384 1542 480 1577 Cave
506 1553 551 1576 ne
578 1543 777 1576 armarium
804 1553 911 1586 quam
936 1544 1063 1586 pectus
1088 1540 1225 1575 habeas
1252 1540 1412 1575 doctum.

300 1603 334 1635 p.
364 1591 418 1625 34.
446 1590 546 1625 Mon.
572 1589 758 1624 XLVIII.
787 1591 817 1625 6.
855 1588 924 1631 ΛΤ.
952 1588 994 1624 Β.
1023 1600 1075 1632 sp.
1102 1600 1148 1623 m.
1180 1590 1207 1630 1,
1236 1589 1267 1629 3,
1297 1588 1352 1623 38.
1380 1587 1648 1633 Pytliagorar.“
1683 1586 1770 1622 Wo.

306 1639 358 1673 17.
387 1637 592 1672 Honestam
618 1640 746 1678 artem,
774 1648 884 1680 quam
909 1636 1001 1670 bene
1027 1635 1210 1677 didiceris,
1239 1646 1400 1678 sequere.

301 1698 335 1729 p.
369 1686 424 1719 41.
460 1684 542 1720 Par.
571 1685 626 1719 50.
665 1684 748 1724 ..W.
783 1684 825 1719 B.
859 1683 960 1719 Socr.
996 1682 1071 1717 Cic.
1107 1682 1212 1718 Tusc.
1247 1682 1276 1716 I.
1308 1682 1360 1721 18.
1387 1683 1468 1717 412⁴
1503 1681 1585 1717 Wo.
1619 1680 1761 1726 Haupt.

206 1732 302 1768 Phil.
332 1731 404 1766 III.
433 1744 466 1776 p.
496 1732 575 1767 371.
602 1743 635 1767 V.
664 1732 739 1767 ⁴28:
766 1731 972 1765 Honestam
998 1741 1148 1774 sequere
1168 1741 1276 1773 quam
1293 1729 1386 1763 bene
1412 1732 1528 1763 artem
1554 1728 1762 1764 didiceris.“

304 1780 357 1814 18.
385 1778 556 1813 Socrates
583 1779 694 1812 dixit:
721 1778 906 1812 Audendo
932 1778 1045 1811 virtus
1073 1777 1214 1817 erescit⁷
1241 1776 1424 1810 tardando
1450 1777 1571 1811 timor.

303 1826 537 1860 audiendo
574 1837 609 1870 p.
645 1828 700 1862 21.
734 1825 832 1860 Mon.
868 1824 980 1860 VIII.
1020 1825 1052 1859 3.
1086 1836 1142 1868 pr.
1174 1835 1220 1859 m.
1262 1823 1343 1863 ..w
1369 1823 1411 1859 B.
1440 1822 1564 1858 Soer.·'⁴
1597 1822 1680 1857 Wo.
1709 1822 1762 1857 Cf.

207 1873 315 1910 Publ.
342 1875 377 1907 A
403 1874 459 1909 44.
487 1872 587 1908 Sent.
615 1872 707 1908 falso
734 1874 830 1906 inter
856 1871 963 1906 Publ.
991 1874 1126 1915 recept.
1154 1871 1209 1906 26.
1238 1870 1378 1915 Haupt.
1406 1870 1501 1904 Phil.
1528 1870 1602 1906 III.
1628 1882 1663 1914 p.
1683 1870 1762 1905 379.

205 1933 237 1956 v.
266 1922 321 1956 65.
348 1921 406 1955 Ri.
433 1933 465 1954 v.
493 1921 572 1955 227.

306 1968 358 2003 19.
386 1968 510 2002 Possis
536 1968 684 2001 vincere
711 1967 836 2001 audire
863 1970 1011 2011 oportet
1037 1966 1075 2000 in
1101 1977 1143 2000 eo
1162 1965 1260 2009 quod
1286 1965 1451 2010 pecunia.

302 2027 336 2059 p.
366 2016 420 2050 34.
452 2014 551 2049 Mon.
570 2013 754 2049 XLVIII.
785 2015 837 2049 12.
857 2013 973 2048 Recte
991 2013 1073 2048 wo.
1095 2013 1345 2047 scribendum:
1372 2012 1413 2047 P.
1440 2012 1604 2057 vincere3
1631 2010 1771 2045 audere

207 2066 363 2107 oportet.
399 2062 511 2096 verba
537 2066 657 2096 autem
691 2062 737 2095 in
763 2073 813 2095 eo
842 2072 924 2105 quo
952 2061 1005 2095 de
1038 2061 1237 2104 pecunia
1263 2072 1344 2094 cum
1371 2060 1425 2099 iis,
1462 2065 1553 2103 quae
1580 2061 1764 2102 sequntur,

206 2109 460 2154 coniungenda
478 2113 593 2153 putat.
623 2108 695 2143 Sed
712 2109 860 2142 videtur
876 2108 997 2143 verbis
1019 2107 1346 2151 praemittendum:
1373 2107 1450 2150 „Ut
1475 2107 1521 2140 in
1545 2105 1764 2150 periclo.“

302 2157 359 2192 20.
397 2156 453 2191 De
487 2157 652 2190 avaritia.
697 2158 725 2191 1.
760 2156 923 2190 Pecunia
955 2167 1063 2189 avaro
1098 2155 1319 2199 supplicium
1352 2158 1423 2196 est⁷
1458 2153 1609 2198 profuso
1643 2152 1763 2192 decus.

207 2204 447 2248 parricidium
474 2203 666 2247 proditori.
1475 2206 1478 2209 '

301 2263 335 2295 p.
363 2252 419 2286 23.
446 2251 545 2286 Mon.
572 2250 662 2286 XII.
693 2252 721 2284 1.
748 2249 994 2283 Profusum
1021 2249 1081 2283 W.
1109 2248 1150 2283 B.
1177 2249 1367 2283 liberale-m
1394 2248 1668 2291 interpretatur.
1710 2246 1765 2282 Cf.

207 2297 316 2333 Mart.
345 2298 461 2342 epigr.
489 2297 600 2333 VIII.
629 2298 683 2338 38.
716 2298 769 2331 11.

303 2346 358 2380 21.
386 2345 543 2379 Necesse
571 2348 635 2385 est7
663 2347 703 2378 ut
729 2348 766 2378 te
792 2344 910 2388 ipsum
937 2347 1000 2377 aut
1026 2343 1219 2387 pecuniam
1245 2342 1354 2376 vilem
1380 2341 1527 2376 habeas.

306 2404 340 2436 p.
369 2393 424 2427 35.
451 2392 552 2427 Mon.
579 2391 761 2426 XLVIII.
792 2392 844 2426 13.
873 2391 926 2426 Cf.
955 2390 1053 2425 Sent.
1082 2390 1173 2424 falso
1199 2390 1296 2423 inter
1321 2388 1428 2423 Publ.
1457 2391 1595 2433 recept.
1621 2388 1676 2423 29.

302 2440 358 2474 22.
385 2440 529 2473 Avarus
556 2450 665 2481 egens
693 2439 877 2476 damnum.
905 2442 942 2472 et
969 2438 998 2471 si
1025 2449 1096 2471 non
1123 2437 1298 2477 lucretur,
1326 2437 1478 2480 patitur.

301 2498 335 2530 p.
364 2487 419 2522 23.
446 2486 544 2521 Mon.
572 2485 661 2521 XII.
690 2487 720 2520 6.
740 2485 799 2519 W.
826 2486 869 2520 B.
897 2484 1078 2520 Socrates.
1097 2484 1242 2518 Avarus
1270 2488 1392 2517 autem
1410 2483 1609 2526 dampnum
1637 2482 1667 2516 si
1692 2492 1764 2515 non

208 2533 381 2573 lucretur.
410 2534 556 2577 patitur.
577 2533 658 2566 Wo.
686 2532 825 2576 Haupt.
852 2532 949 2566 Phil.
976 2531 1047 2566 III.
1075 2544 1109 2575 p.
1136 2532 1216 2567 379.
1243 2543 1274 2564 v.
1290 2530 1359 2573 138.
1385 2530 1592 2574 proposuit:
1619 2530 1766 2564 Avarus

208 2580 383 2614 damnum
418 2581 567 2624 patitur,
609 2580 638 2613 si
671 2580 811 2613 lucrum
846 2578 944 2615 facit.
989 2578 1139 2613 Caecilii
1174 2579 1294 2612 locum
1322 2578 1372 2611 sic
1400 2577 1631 2611 scribendum
1657 2580 1764 2620 puto:

207 2627 374 2668 „Avarus
401 2639 550 2672 gemens
577 2628 759 2663 damnum.
797 2627 939 2660 etiamsi
970 2638 1044 2660 non
1077 2626 1250 2665 lucretur,
1289 2625 1436 2668 patitur.
1465 2623 1547 2658 Seu.
1575 2635 1631 2667 ep.
1657 2622 1763 2657 XIX.

208 2674 228 2708 6
256 2675 359 2719 (115)
388 2676 458 2710 m:
488 2678 662 2718 quantum
681 2673 824 2707 damnis
850 2674 1105 2719 ingemiscunt.
1134 2683 1225 2715 quae
1251 2675 1285 2706 et
1301 2682 1435 2716 magna
1460 2671 1625 2705 incidunt
1655 2674 1691 2704 et
1714 2669 1765 2703 vi·
