1967 3090
831 108 1153 152 —278—

243 225 262 234 ⁸
291 252 298 259 .
327 224 397 269 Qui
423 225 537 258 servis
563 224 719 259 crudelis
746 228 810 258 est.
838 225 998 259 ostendit
1023 225 1062 258 in
1087 225 1177 258 alios
1203 234 1276 258 non
1292 224 1521 258 voluntatem
1538 224 1607 258 sibi
1632 223 1767 266 deesse,

358 272 422 306 sed
447 275 678 316 potestatem.

324 318 574 354 Pseudo-Seu.
601 319 645 353 de
671 331 762 354 mor.
791 319 867 354 131.
894 319 940 353 Ri
968 331 999 352 v.
1028 319 1083 354 ῖῖ.

240 367 258 373 “
323 365 395 410 Qui
421 366 466 400 ob
492 366 560 401 hec
586 367 757 400 iniuriam
782 366 880 407 facit.
907 367 989 410 quia
1015 371 1145 410 potest.
1173 366 1246 400 cito
1272 366 1416 407 desinit,
1444 367 1529 410 quia
1553 366 1650 401 fecit.

235 2687 288 2720 94.

321 413 638 448 Pronuntiandum
671 418 724 448 est
750 414 945 448 malt'acere
971 413 1016 449 cf.
1043 413 1132 448 Luc.
1159 412 1327 448 Mueller.
1363 414 1407 448 de
1433 425 1470 448 re
1497 418 1600 448 metr.
1626 426 1661 459 p.
1689 414 1768 451 334.

356 460 462 495 Publ.
496 460 538 495 M
563 461 607 497 ’28
633 462 748 506 (336).
787 460 928 496 Docere
954 461 1042 496 haec
1070 461 1253 495 sententia.
1278 461 1421 496 videtur
1447 473 1529 496 eum
1554 463 1616 506 qui
1642 461 1688 496 ob
1714 463 1768 496 ni-

357 509 468 542 miam
500 512 721 553 potestatem
753 509 848 543 male
875 508 996 549 faciat,
1031 508 1179 543 tandem
1204 508 1412 552 aliquando.
1441 520 1522 543 cum
1548 509 1678 543 abusus
1704 521 1768 554 po-

361 559 493 590 testate
520 568 582 590 sua
608 556 703 591 male
728 556 866 597 fecerit,
895 556 1074 600 supplicio
1101 555 1271 590 affectum
1287 556 1383 590 male
1409 555 1530 590 facere
1555 556 1767 593 desiturum.

267 628 297 637 ..
324 602 422 646 Quid
447 603 588 638 dulcius
615 615 723 648 quam
748 604 894 638 habere.
923 615 1005 637 cum
1031 615 1101 647 quo
1128 603 1249 636 omnia
1277 603 1428 645 audeas;

268 677 296 685 -.
325 661 432 694 quem
458 651 508 685 sic
535 651 673 686 credas.
699 654 737 685 ut
764 656 819 686 te:
845 651 903 685 cui
928 651 978 685 sic
1005 651 1163 694 loquaris
1190 650 1291 704 quasi
1318 654 1450 686 tecum.

289 724 296 732 .
324 697 459 742 Quanti
485 698 578 732 tales
605 699 740 733 amicos
766 691 900 732 habere
926 698 1131 732 1ο.11131’11111
1159 702 1193 732 et
1221 698 1291 750 ipsi
1308 698 1400 732 tales
1419 709 1497 733 esse
1514 709 1588 732 non
1604 702 1766 743 possunt.

320 744 500 790 Pleraque
526 757 657 790 parum
682 746 795 780 latine
821 746 958 790 scripta
986 749 1080 779 sunt.
1107 750 1145 779 ut
1173 745 1383 779 coniectura
1410 757 1538 780 sanare
1558 747 1619 780 vix
1635 758 1769 791 operae

360 794 518 837 pretium
545 793 602 828 sit.
629 792 790 828 Pseudo·
793 792 878 827 Sen.
904 793 948 827 de
974 805 1064 827 mor.
1091 793 1146 827 im.
1174 792 1231 827 Ri.
1259 804 1292 826 1.
1320 794 1374 828 79.

286 867 294 874 .
320 839 466 884 Repelli
493 852 530 875 se
556 840 719 875 homines
746 841 889 875 facilius
915 851 1024 884 quam
1049 840 1170 884 decipi
1196 840 1326 875 ferunt.

319 887 432 923 Codd.
449 888 589 941 decipi.
625 887 662 924 C.
691 888 842 932 despici.
876 887 935 923 Ri.
962 900 994 922 v.
1021 888 1081 923 52:
1121 887 1267 932 Repelli
1291 887 1397 922 multi
1431 888 1571 922 malunt
1597 899 1634 923 se
1660 899 1768 932 quam

319 935 744 1026 Rgsessiizmerudelitatem
770 986 804 1017 et
830 986 986 1017 matrem
1012 982 1241 1017 crudelitatis
1267 983 1370 1018 iram.

319 1028 565 1064 Pseudo-Seu.
593 1030 638 1065 de
663 1042 752 1064 mor.
783 1031 838 1066 31.
865 1030 923 1066 Ri.
949 1042 982 1065 1“.
1009 1030 1065 1065 63.

287 1104 293 1111 .
320 1076 376 1111 Re
403 1089 488 1111 vera
514 1079 688 1112 memoria
713 1077 973 1112 beneficiorum
999 1077 1140 1121 fragilis
1168 1080 1233 1110 est.
1261 1076 1477 1111 iniuriarum
1502 1080 1622 1113 tenax.

319 1123 566 1159 Pseudo-Seu.
593 1125 637 1159 de
663 1137 752 1160 mor.
782 1126 861 1160 1528.
887 1124 947 1159 Ri.
972 1137 1005 1158 v,
1033 1124 1090 1159 84.
1123 1124 1210 1158 Adi.
1237 1125 1458 1168 pertinax
1486 1135 1568 1158 cum
1586 1125 1765 1162 Genetivo

354 1172 518 1206 iunctum
543 1172 626 1207 vide
653 1172 751 1217 apud
776 1172 859 1206 val.
887 1172 985 1207 Max.
1013 1171 1081 1207 VI.
1109 1172 1139 1211 3.
1169 1172 1199 1206 3.

286 1245 293 1252 .
318 1218 531 1253 Ridiculum
558 1223 611 1254 est
639 1220 723 1255 odio
748 1220 914 1254 nocentis
941 1219 1187 1254 innocentiam
1211 1218 1376 1262 perdere.

320 1265 563 1301 Scribendum
587 1272 676 1311 puto
703 1267 990 1312 religiosum.
1017 1265 1263 1301 Pseudo-Seu.
1291 1266 1336 1300 de
1353 1278 1443 1300 mor.
1466 1267 1518 1301 17.
1547 1265 1647 1303 Sent.
1666 1267 1759 1303 falso

354 1314 451 1348 inter
475 1314 582 1348 Publ.
609 1318 744 1358 recept.
771 1315 852 1350 323.
876 1314 935 1348 Ri.
962 1326 995 1349 1·.
1022 1315 1079 1349 85.

237 1380 251 1395 (
285 1387 292 1394 .
318 1360 393 1395 Res
418 1373 506 1396 vera
533 1365 596 1396 est.
624 1363 685 1406 qui
712 1373 731 1395 a
758 1362 882 1396 multis
908 1362 1069 1402 timetur.
1097 1361 1232 1395 multos
1257 1361 1372 1396 timet.

316 1407 636 1492 Pffiug?‘s3i}¹}*de
662 1421 752 1444 mor.
780 1410 835 1444 61.
856 1409 956 1445 Sent.
975 1408 1069 1444 falso
1087 1410 1182 1443 inter
1198 1407 1304 1442 Publ.
1323 1413 1459 1454 recept.
1480 1409 1559 1445 205.
1586 1409 1638 1446 Of.
1657 1409 1765 1447 Publ.

455 1463 461 1486 1
487 1466 511 1501 ⁴⁷·
529 1481 534 1488 .
553 1476 568 1492 v.
578 1464 604 1502 J,

316 1502 480 1549 Regibus
507 1505 611 1549 peius
638 1508 691 1538 est
718 1503 833 1538 multo
859 1515 968 1548 quam
993 1504 1252 1538 servientibus:

282 1579 290 1586 .
316 1562 355 1585 re
382 1562 479 1585 vera.
507 1552 590 1596 quia
616 1552 673 1585 illi
698 1552 869 1597 singulos.
898 1552 959 1586 isti
984 1552 1172 1586 universos
1197 1552 1339 1586 timent.

320 1597 417 1632 Vide
443 1610 534 1642 quae
560 1599 825 1643 disputavimus
851 1599 897 1633 ad
922 1598 1166 1634 Pseudo-Seu.
1194 1599 1238 1633 de
1264 1611 1353 1634 mor.
1383 1600 1459 1635 141.
1487 1599 1539 1634 Cf.
1564 1599 1623 1635 Ri.
1646 1612 1679 1635 V.
1707 1600 1763 1636 87.

283 1673 290 1680 .
316 1644 390 1680 Res
428 1646 507 1690 ipsa
545 1651 585 1681 ut
623 1649 812 1691 praestare
850 1646 1032 1690 possimus
1065 1646 1217 1687 efficiet.
1257 1648 1288 1680 si
1320 1647 1489 1691 polliceri
1526 1659 1763 1692 properamus

351 1692 481 1727 honest
509 1721 516 1728 .

316 1706 789 1786 Sentent13:„Quicunque
815 1753 891 1776 rem
917 1741 1109 1776 honestam
1134 1741 1292 1785 polliciti
1318 1744 1411 1776 sunt
1440 1753 1500 1776 eos
1526 1743 1606 1787 ipsa
1623 1743 1677 1777 rei
1701 1743 1764 1778 ho-

350 1792 475 1823 nestas
508 1789 559 1822 sic
594 1789 752 1829 adiuxffat
786 1791 826 1822 ut
859 1788 970 1823 fidem
1005 1800 1148 1823 servare
1174 1789 1348 1833 possintf‘
1392 1779 1448 1823 De
1474 1802 1507 1825 1.
1536 1790 1763 1834 expedire

353 1836 398 1870 cf.
426 1835 514 1871 Sall.
541 1835 619 1871 Cat.
646 1835 732 1871 XX.
760 1836 815 1871 10.
852 1840 974 1870 cetera
1008 1848 1066 1870 res
1093 1836 1272 1880 expediet.
1311 1835 1368 1871 Ri.
1397 1848 1430 1870 v,
1457 1836 1519 1872 89:
1555 1836 1764 1873 Praestabis

352 1882 474 1917 facile.
500 1883 654 1918 honesta
681 1884 712 1917 si
738 1884 959 1928 promiseris.

283 1956 290 1963 .
317 1929 412 1964 Rem
436 1931 632 1964 maximam
657 1931 840 1975 promittit
866 1930 937 1964 tibi
962 1930 1153 1974 sapientia.
1180 1934 1219 1964 ut
1246 1934 1282 1965 te
1308 1902 1458 1966 reducat
1485 1932 1564 1966 tibi.

315 1975 436 2058 Viinc.
444 1977 612 2059 tBelll).p
570 1990 612 2022 sp
615 1979 685 2014 ..d
712 1979 742 2019 9
770 1979 826 2013 41.
860 1978 919 2013 Ri.
945 1990 978 2012 v.
1006 1977 1289 2013 902Lucn'1mst
1317 1979 1528 2023 sapientiae.
1554 1981 1594 2013 ut
1618 1983 1655 2014 te
1681 1979 1761 2014 red-

375 2026 443 2059 uca
483 2025 514 2059 ti
542 2038 563 2059 1.

233 2074 246 2105 ⁴.
281 2098 288 2105 .
314 2070 431 2106 Recta
456 2072 600 2117 ingenia
627 2073 793 2107 debilitat
820 2073 1051 2107 131331111ᾱί3.
1080 2084 1193 2117 praxa
1219 2072 1411 2107 confimat
1436 2058 1598 2109 audacia.

315 2118 423 2154 Vino.
448 2119 542 2155 Bell.
570 2132 622 2165 sp.
650 2121 682 2154 d.
710 2121 743 2160 4.
777 2121 850 2156 133.
882 2120 1253 2155 Ri.x.91:Rect1s
1286 2120 1406 2154 obstat
1442 2121 1559 2165 pudor
1592 2121 1760 2166 ingeniis,

349 2168 464 2210 111313
490 2168 551 2200 1111
553 2172 590 2201 at
616 2156 777 2202 audacia.

282 2240 289 2247 .
314 2212 389 2247 Res
416 2215 554 2258 optima
581 2218 634 2249 est
661 2227 734 2249 non
759 2215 954 2250 sceleratos
982 2215 1193 2259 exstirpare.
1222 2215 1287 2249 sed
1312 2216 1460 2251 scelera.

319 2260 427 2296 Vinc.
446 2261 538 2296 Bell.
565 2274 618 2306 sp.
645 2263 679 2298 (l.
706 2264 738 2303 4.
767 2263 821 2298 66
850 2262 929 2298 136.
947 2261 1006 2296 Ri.
1032 2274 1064 2297 1.
1093 2263 1154 2297 9'2:
1182 2261 1288 2296 Prius
1315 2265 1423 2306 quam
1450 2249 1602 2298 scelesti*
1620 2263 1761 2298 scelera

348 2309 428 2353 ipsa
453 2309 691 2353 exstirpanda
717 2314 811 2345 sunt.

269 2358 289 2391 “.
315 2355 431 2390 Recte
456 2367 584 2400 parem
610 2362 646 2391 et
671 2357 881 2392 inferiorem
907 2357 1044 2391 laudas.
1084 2357 1167 2401 quia
1201 2358 1359 2401 pertinet
1393 2358 1439 2392 ad
1465 2358 1619 2399 oloriam
1645 2360 1759 2394 tuam.

314 2402 399 2437 Plin
424 2415 480 2448 ep.
508 2403 576 2437 VI.
604 2404 659 2445 17,
685 2405 723 2438 4:
750 2403 917 2448 Denique
943 2406 1017 2439 5113
1044 2404 1125 2449 plus
1145 2405 1219 2439 5113
1238 2405 1356 2439 minus
1376 2406 1450 2438 sive
1465 2387 1567 2439 idem
1583 2408 1760 2449 praesta-s,

350 2451 459 2485 lauda
485 2451 543 2485 131
570 2451 783 2486 inferiorem
808 2452 865 2485 131
898 2452 1123 2496 superiorem
1148 2452 1206 2487 vel
1231 2463 1368 2496 parem
1419 2451 1664 2496 Superiorem,
1699 2453 1761 2496 qui

350 2498 421 2532 m'si
438 2498 642 2532 laudandus
661 2499 722 2533 ille
740 2503 804 2540 est,
823 2511 897 2534 non
915 2503 1018 2543 potes
1035 2499 1113 2543 ipse
1130 2499 1290 2540 laudari:
1316 2499 1527 2533 inferiorem
1545 2502 1607 2533 aut
1624 2511 1759 2544 parem,

350 2545 435 2589 quia
459 2546 620 2590 pertinet
648 2546 694 2580 ad
719 2535 821 2580 tuam
846 2546 1002 2587 Gloriam
1029 2558 1138 2590 quam
1155 2546 1353 2580 maximum
1370 2546 1497 2580 videri.
1525 2557 1633 2590 quem
1657 2557 1760 2591 prae-

351 2593 448 2627 cedis
483 2593 542 2627 vel
577 2604 765 2636 exaequas.
805 2593 903 2627 Vinl.
936 2594 1029 2629 Bell.
1063 2605 1115 2638 sp.
1150 2593 1183 2629 (1.
1217 2603 1248 2635 o,
1285 2594 1339 2629 69.
1374 2593 1491 2628 R1.v.
1527 2594 1589 2629 93:
1628 2593 1761 2628 Parem

349 2639 498 2674 laudare
522 2641 679 2684 pertinet
705 2641 751 2674 ad
775 2641 940 2686 gloriam.

315 2685 389 2721 Res
415 2699 570 2733 magnae
597 2687 812 2722 clementiae
837 2692 890 2722 est
916 2688 1140 2734 indulgendo
1167 2689 1351 2732 corrigere
1377 2691 1528 2732 peccata
1553 2699 1661 2731 quam
1682 2688 1759 2722 vin-

350 2734 517 2769 dicando.
