1967 3090
917 177 969 181 —
1039 153 1120 194 110
1183 176 1236 179 —

301 268 603 311 interpretatione
639 267 754 310 qualis
788 270 895 300 tuta
928 279 1005 301 esse
1033 268 1155 311 possit.
1185 279 1291 311 cgere
1318 268 1494 304 videatur.
1546 268 1637 302 Nam
1665 271 1784 303 tutum
1811 270 1857 303 ad

302 320 449 349 externa
477 319 513 348 et
539 315 734 358 cmispicua
760 315 931 357 pericula.
959 319 1123 358 apertum
1150 315 1195 348 ad
1231 315 1372 349 occulta
1405 319 1513 358 atque
1540 316 1714 350 insidiosa
1738 328 1859 350 rerum

303 362 512 396 discrimina
539 362 716 397 refertur:
748 361 813 394 illa
839 362 955 405 quivis
982 363 1104 406 paullo
1132 362 1280 396 cantior.
1310 362 1399 396 haec
1416 374 1522 395 nemo
1540 366 1662 406 potest
1687 362 1756 396 nisi
1774 375 1858 407 pru-

302 409 536 443 dentissimus
571 409 722 452 quisque
753 409 897 443 evitare.
948 409 1118 443 Erasinus
1155 421 1218 442 3113
1254 409 1303 442 sic
1340 409 1622 453 interpretatur:
1677 410 1769 454 „Qui
1804 410 1857 444 in-

302 456 439 498 tellioit
466 456 679 499 periculum.
708 456 735 489 is
763 457 863 489 novit
890 467 1017 490 cavere
1045 457 1263 500 pericnlum:
1292 457 1478 489 temeritas
1507 460 1627 490 autem
1654 457 1859 500 periculose

302 503 739 546 iem·i,‹13.1·1edit111·,quia
765 504 881 537 nescit
906 503 1070 537 tiinere·‘.
1124 503 1198 537 Nec
1226 515 1311 537 vero
1331 503 1610 547 inqu-obanduin
1629 507 1734 544 esset,
1762 505 1859 547 quod

302 546 459 585 coniecit
490 550 660 584 And1eas
695 549 928 595 Spengelius:
967 554 1096 584 tutus
1123 551 1276 593 aradi,
1316 551 1386 584 nisi
1413 550 1652 585 Forcellinius
1680 562 1717 584 se
1743 552 1860 585 vereri

303 600 479 637 moneret,
508 600 548 630 ut
574 597 771 631 infinitivus
790 609 867 642 gra
878 598 950 631 di
942 609 977 631 ln
1002 609 1066 631 usu
1089 601 1196 632 esset.
1236 598 1440 632 Columella
1457 598 1603 641 quidem
1622 597 1688 634 VI.
1708 598 1752 632 37
1771 601 1860 633 extr.

303 645 421 678 mulus
448 648 484 679 et
508 648 606 678 recte
630 645 905 690 ᾚ1331ς131111111·
919 648 955 678 et
968 648 1104 678 texram
1118 645 1307 679 commode
1323 645 1541 689 perscindit:
1562 645 1658 679 unde
1676 645 1785 679 etiam
1799 648 1862 679 aut

302 695 450 726 tutam
469 695 531 725 aut
548 694 650 725 tuta
667 692 803 737 gradi
822 691 933 726 scribi
953 692 1082 735 potuit,
1103 692 1166 726 scd
1184 704 1255 727 non
1275 693 1367 726 solet
1384 693 1475 730 via,
1497 692 1593 735 quod
1609 703 1741 726 nomen
1754 692 1860 726 intel-

303 739 498 783 legendum
515 742 580 778 est,
600 750 665 783 per
683 739 829 782 ellipsin
857 739 976 772 omitti
1002 739 1071 772 nisi
1090 739 1135 773 ad
1154 740 1370 783 pronomina
1388 751 1469 783 qua,
1488 739 1566 780 hac,
1587 751 1629 773 ea
1647 743 1684 773 et
1702 740 1748 773 ad
1764 742 1864 774 recta

304 787 348 820 cf.
377 786 531 821 Phacdr.
559 786 629 821 fab.
659 785 729 819 HI.
762 787 813 827 10,
841 786 896 820 21.
928 787 979 820 19.
1008 787 1039 821 6.
1068 786 1142 819 Cic.
1173 786 1249 819 Cat.
1278 785 1308 821 I.
1336 790 1366 827 Η,
1396 787 1450 822 23.
1479 785 1600 829 Quint.
1624 786 1668 820 V.
1697 788 1750 827 10,
1782 786 1857 822 123.

304 834 395 868 Hor.
423 832 537 868 Serm.
571 832 599 866 1.
627 835 657 873 ἴ),
687 834 740 867 71.
776 837 811 867 et
845 833 891 866 ad
925 833 1199 876 compendiaria
1225 833 1269 867 cf.
1298 833 1381 869 Sen.
1414 834 1486 868 lud.
1520 834 1565 867 de
1599 836 1707 868 mort.
1736 832 1861 868 Claud.

308 883 359 921 13,
395 882 426 914 2.
460 892 515 924 61).
551 880 626 914 ΙΙΙ.
653 881 673 915 6
701 881 780 924 (27)
812 880 842 914 6.
870 879 955 915 XX.
984 882 1004 914 2
1033 881 1135 923 (1101
1175 882 1199 915 l.
1226 880 1341 914 multo
1376 881 1519 924 saepius
1549 881 1620 914 via
1647 880 1733 915 addi
1759 881 1862 915 solet.

306 928 478 962 Ceterum
504 928 624 961 nescio
652 938 698 960 an
722 926 875 961 Publitii
903 939 1046 961 versum
1073 928 1244 971 respiciat
1269 927 1450 961 Martinus
1468 927 1677 961 Duiniensis
1697 927 1741 961 de
1758 927 1862 963 form.

304 976 387 1009 hon.
422 975 483 1008 vit.
518 973 568 1009 Π.
608 975 659 1008 10.
693 974 748 1009 6(1.
781 974 841 1008 Fr.
876 974 1005 1008 Haasii
1046 976 1097 1019 (11.
1131 975 1161 1015 ἴ),
1196 975 1251 1010 20.
1296 975 1350 1010 6(1.
1384 975 1603 1013 )Veidner.):
1641 975 1727 1017 „scit
1768 975 1865 1009 enim

304 1022 495 1066 (prudens)
521 1022 582 1065 qui
608 1033 679 1065 qua
703 1022 764 1055 via
789 1022 941 1067 adgredi
967 1022 1099 1056 debeat
1133 1026 1171 1056 et
1205 1023 1276 1056 cito
1310 1023 1453 1065 singula
1483 1033 1525 1056 ac
1561 1022 1731 1056 distincte
1762 1021 1865 1056 videt

306 1069 457 1103 consilia
482 1069 750 1113 imperitorum,
779 1080 824 1103 ex
849 1069 984 1113 apertis
1011 1069 1165 1103 obscura
1191 1070 1370 1110 aestimat.
1398 1080 1443 1103 ex
1460 1069 1622 1114 parvulis
1649 1080 1792 1113 magna,
1821 1080 1864 1102 ex

305 1117 480 1161 proximis
507 1119 657 1156 remota,
685 1128 728 1150 ex
753 1116 919 1160 partibus
946 1119 1033 1152 tota.
1091 1116 1181 1151 Vide
1208 1119 1397 1161 praeterea
1422 1117 1467 1151 de
1498 1116 1677 1150 sententia
1702 1116 1785 1151 Sen.
1820 1116 1866 1150 (16

307 1167 420 1198 const.
448 1175 523 1208 sap.
550 1164 581 1199 6.
609 1164 640 1197 2.
669 1175 724 1207 ep.
751 1163 820 1198 IX.
848 1164 867 1198 3
893 1164 972 1209 (74)
1000 1164 1030 1198 6.
1058 1163 1208 1198 XVIII.
1236 1165 1257 1198 4
1284 1164 1387 1208 (107)
1412 1165 1444 1199 ’4.

401 1212 433 1246 4.
461 1211 727 1249 Coniecturam,
743 1223 844 1244 suam
872 1211 923 1245 sic
955 1211 1115 1254 explicat
1140 1210 1227 1245 Tan.
1255 1210 1389 1246 Faber:
1441 1210 1542 1254 Quae
1568 1222 1633 1255 per
1660 1222 1697 1245 se
1723 1210 1868 1244 infirma

308 1262 421 1299 erant,
450 1259 577 1292 eadem
603 1258 707 1292 firma
732 1257 833 1298 fiunt,
866 1259 895 1292 si
922 1259 1081 1302 partium
1108 1269 1304 1291 consensus
1340 1258 1489 1292 accedat
1523 1258 1662 1292 scilicet
1696 1261 1732 1292 et
1756 1258 1865 1300 fides;

307 1307 498 1351 vulgarem
531 1305 751 1349 scripturam
785 1306 836 1339 sic
867 1305 1059 1340 Erasmus:
1100 1305 1321 1347 „Concordia
1353 1306 1464 1339 fortia
1495 1305 1593 1345 facit,
1631 1305 1742 1339 etiam
1776 1316 1868 1348 quae

308 1353 502 1392 imbecilla,
530 1356 659 1386 contra
684 1352 869 1386 discordia
893 1353 1070 1387 maximas
1098 1364 1184 1397 opes
1210 1353 1406 1388 debilitare
1445 1352 1499 1388 Cf.
1526 1352 1614 1386 Sall.
1640 1352 1722 1397 Ing.
1750 1353 1805 1393 10,
1834 1352 1865 1386 6.

312 1400 395 1436 Seu.
422 1412 477 1444 ep.
504 1399 588 1434 XV.
615 1401 635 1422 )
662 1400 740 1444 (94)
765 1400 823 1434 46.
873 1399 956 1434 Tac.
984 1400 1075 1442 Agr.
1106 1402 1158 1434 1³.

404 1449 435 1482 5.
462 1446 657 1481 Pithoeum
683 1450 827 1481 secutus
854 1450 909 1481 est
939 1436 1116 1481 Gruterus
1143 1448 1265 1481 nescio
1301 1459 1347 1481 an
1372 1446 1690 1491 proceleusmatici
1720 1457 1865 1480 versum

308 1494 518 1538 incipientis
535 1494 685 1528 licentia
702 1498 900 1538 permotus.
938 1494 1014 1528 Nec
1033 1506 1119 1529 vero
1135 1495 1251 1529 solum
1265 1506 1346 1528 eam
1360 1495 1397 1528 111
1415 1506 1447 1527 V.
1468 1494 1646 1528 animus
1665 1497 1702 1527 et
1717 1494 1741 1527 b
1753 1504 1836 1527 ene
1852 1512 1865 1518 -

310 1543 483 1578 ficium
511 1553 602 1585 quae
637 1552 679 1575 ea
710 1541 755 1575 (le
780 1553 888 1576 causa.
912 1541 1098 1576 Nauckius
1125 1542 1163 1575 in
1188 1538 1294 1582 libro,
1322 1553 1430 1585 quem
1455 1541 1644 1585 inscripsit
1669 1541 1860 1594 melanges

311 1589 624 1623 (rreco-Roniains
664 1589 754 1622 tires
789 1589 838 1622 du
869 1589 1025 1623 bulletin
1059 1589 1104 1623 de
1136 1589 1361 1623 l’Academie
1392 1589 1581 1632 imperiale
1614 1588 1677 1622 des
1709 1588 1868 1622 sciences

311 1637 355 1671 de
383 1636 436 1670 St.
441 1636 717 1677 -Petersbomoa
748 1639 835 1671 tom.
853 1636 926 1672 III.
941 1648 975 1681 1.)
991 1637 1069 1671 204.
1084 1637 1163 1671 200.
1180 1648 1337 1670 annius
1354 1635 1665 1670 etbenficium
1683 1637 1745 1669 aut
1759 1634 1869 1669 scribi

314 1687 376 1718 aut
401 1683 630 1728 p1onuntiari
649 1683 750 1717 iubet
774 1648 959 1728 (01.1)111111.
986 1683 1017 1717 B
1045 1684 1071 1745 3
1090 1684 1178 1728 (46).
1207 1685 1226 1718 5
1253 1683 1498 1728 (46).6(51).
1529 1683 1570 1717 10
1595 1682 1868 1727 (53).12(55).

314 1732 356 1766 14
381 1732 471 1776 (57).
504 1732 544 1765 15
571 1731 731 1775 (56117
757 1731 845 1775 (60).
873 1731 917 1765 35
937 1731 1072 1776 (76).“·
1078 1731 1204 1770 7(601.
1230 1725 1265 1764 D
1284 1688 1689 1775 >1(1431)63(196).
1716 1729 1868 1774 4(197).

311 1778 350 1813 M
377 1780 419 1813 61
448 1778 553 1822 (369)
581 1779 644 1812 sed
671 1779 782 1811 etiam
807 1779 845 1811 in
860 1736 1099 1821 31113((1110(1116
1117 1790 1181 1811 vei
1184 1778 1313 1811 borum
1331 1777 1645 1812 coniunctionibus
1663 1776 1867 1810 invenimus

313 1826 357 1861 cf.
385 1825 423 1858 H
450 1826 492 1860 13
518 1830 553 1869 (
544 1826 619 1869 )1.1)
645 1826 753 1859 1101110
779 1826 925 1861 totiens.
975 1825 1023 1860 H.
1051 1826 1095 1860 26
1122 1826 1226 1870 (226)
1253 1825 1437 1859 hominem
1463 1825 1582 1860 etiam.
1633 1823 1672 1858 M
1699 1824 1743 1858 12
1769 1823 1872 1876 (320)

312 1873 408 1907 111316
438 1873 589 1918 gei-itinn
639 1872 679 1907 M
712 1873 757 1907 ³8
782 1874 884 1917 (136)
916 1873 1011 1906 male
1044 1872 1174 1907 facere.
1225 1872 1286 1905 Ad
1321 1883 1429 1915 quam
1460 1872 1648 1905 licentiam
1680 1870 1782 1914 quasi
1807 1869 1870 1904 ob-

312 1920 546 1954 litteiandam
580 1932 661 1954 011111
694 1920 933 1963 quarumdam
966 1920 1171 1954 litterarum
1204 1920 1243 1953 in
1275 1920 1383 1953 certis
1418 1919 1548 1958 verbis,
1582 1921 1624 1952 ut
1654 1918 1690 1951 in
1717 1917 1870 1958 animus,

313 1967 540 2007 beneficium,
567 1968 673 2021 male,
701 1968 820 2008 etiam,
847 1968 982 2001 totiens
1007 1967 1268 2011 pronuntiatio,
1303 1970 1381 2000 tum
1413 1966 1505 2000 illud
1530 1965 1675 2000 videtur
1699 1964 1866 2005 valuisse,

315 2015 412 2059 quod
438 2014 624 2048 Bentleius
650 2015 689 2048 in
718 2014 861 2049 dissert.
888 2015 933 2048 de
958 2018 1062 2049 meti.
1090 2014 1236 2049 Terent.
1264 2026 1297 2058 p.
1327 2014 1369 2048 17
1396 2014 1469 2057 (ed.
1496 2013 1639 2048 Terent.
1667 2011 1871 2046 Amstelod.

318 2063 402 2107 (172
407 2062 444 2106 7)
470 2062 595 2096 docuit
620 2065 781 2096 actorem
806 2062 844 2095 in
874 2062 993 2106 primo
1020 2062 1096 2096 fere
1122 2073 1291 2095 versuum
1325 2060 1428 2104 pede,
1463 2072 1546 2094 cum
1576 2060 1614 2093 in
1638 2059 1710 2093 fine
1736 2058 1873 2103 prioris

315 2121 378 2143 ver
381 2121 439 2143 sus
457 2109 618 2142 animam
635 2109 842 2153 recepisset,
868 2110 1018 2153 plenum
1041 2109 1280 2153 rapidumque
1300 2108 1479 2152 spiiitum
1485 2107 1647 2151 potuisse
1665 2106 1867 2141 effundere:

316 2169 385 2200 qua
410 2157 673 2200 pronuntiandi
697 2157 839 2190 ratione
864 2156 1023 2200 plurium
1049 2156 1271 2199 syllabarum
1296 2155 1462 2189 brevium
1488 2165 1705 2189 concursum
1734 2156 1874 2197 tempe-

316 2208 435 2238 ratum
468 2215 546 2237 esse
579 2204 801 2238 credendum
835 2207 900 2239 est.
961 2203 1077 2247 quue
1110 2204 1220 2237 etiam
1257 2206 1358 2246 patet
1395 2213 1439 2236 ex
1472 2201 1632 2235 Phaedri
1666 2200 1872 2234 fabularum

318 2251 507 2295 scriptoris
532 2262 609 2292 usu,
643 2262 750 2294 quem
774 2252 812 2284 in
839 2254 916 2284 arte
950 2251 1101 2285 metrica
1126 2250 1286 2284 Publilio
1319 2250 1525 2294 proximum
1557 2248 1669 2282 fuisse
1694 2250 1801 2292 puto:
1844 2246 1874 2279 is

318 2299 413 2333 enim
440 2298 549 2331 simili
574 2299 683 2331 modo
709 2298 1035 2342 proceleusmatico
1062 2298 1098 2331 in
1124 2309 1249 2331 versus
1268 2297 1401 2331 senarii
1432 2296 1536 2330 initio
1563 2296 1682 2340 posito
1708 2306 1793 2328 usus
1820 2295 1877 2328 est

319 2346 364 2381 (f.
392 2345 465 2379 III.
492 2346 523 2386 7,
558 2346 723 2389 16.(11113
748 2346 884 2380 videm.
913 2345 981 2380 IV.
1010 2346 1041 2387 9,
1071 2347 1087 2379 1
1114 2345 1223 2379 homo
1254 2344 1403 2378 simulac
1437 2340 1874 2387 ν611113(.Β611ὺ1).Ῑ.30,

322 2395 374 2428 11.
402 2393 453 2427 ita
479 2396 589 2437 caput
615 2393 662 2426 ad
680 2396 844 2426 nostrum
871 2392 1034 2437 (Bentl.)
1060 2391 1134 2427 III.
1155 2393 1185 2432 2,
1205 2393 1238 2426 4.
1264 2391 1326 2425 alii
1352 2394 1515 2426 onerant.
1537 2384 1606 2425 IV.
1633 2390 1688 2431 23,
1707 2389 1741 2422 4.
1768 2398 1876 2441 super

320 2441 428 2474 etiam
453 2440 579 2475 iactas.
606 2460 649 2464 —
680 2439 816 2481 „Nobis
842 2440 879 2473 in
912 2451 1020 2473 manu
1055 2443 1110 2473 est
1134 2450 1207 2473 non
1241 2439 1402 2481 incipere
1428 2449 1568 2480 amare3
1603 2437 1666 2470 ubi
1700 2435 1875 2479 coeperis,

320 2489 392 2522 iam
417 2487 473 2520 illi
500 2499 624 2521 servus
652 2498 688 2520 es
715 2498 781 2521 nec
805 2491 907 2531 potes
935 2489 1115 2527 excutere,
1152 2498 1233 2520 cum
1259 2485 1369 2519 116113ιι
1398 2485 1581 2519 Erasmus.
1631 2483 1684 2518 Cf.
1713 2482 1795 2517 Sen.
1832 2481 1877 2515 de

321 2536 363 2569 ir.
391 2534 421 2568 I.
473 2535 539 2575 ,4.
591 2533 1235 2579 Sen.Hippol.133Pervulgatum
1252 2533 1346 2577 Aug.
1365 2532 1521 2577 Burgeri
1550 2533 1679 2576 poetae
1705 2528 1877 2564 nostratis

321 2593 467 2616 carmen
492 2584 594 2625 (tom
621 2580 652 2617 I.
679 2593 713 2625 p.
740 2582 812 2619 441.

417 2630 447 2664 6.
476 2628 552 2662 Nil
571 2628 801 2663 Woelfflinus
820 2628 966 2673 Prolegu
986 2640 1020 2672 p.
1048 2629 1103 2663 56.
1130 2627 1273 2661 restitui
1295 2626 1395 2660 iubet
1411 2626 1470 2659 vel
1488 2625 1635 2659 iubente
1653 2623 1879 2657 senariorum

323 2677 405 2720 lege
438 2676 496 2710 vel
531 2680 683 2720 propter
717 2676 823 2709 metri
856 2676 1087 2720 elegantiam.
1137 2674 1213 2709 Nec
1246 2678 1358 2718 negat
1381 2672 1606 2708 Ribbeckius
1641 2671 1692 2704 sic
1717 2681 1878 2714 pronun-

323 2724 453 2757 tiatum
480 2734 567 2757 esse.
620 2722 836 2767 Spengelius
863 2723 1009 2766 quidem
1042 2723 1079 2756 in
1105 2722 1217 2766 praef.
1245 2733 1279 2765 p.
1294 2702 1357 2756 76η
1407 2719 1618 2762 Nunquam
1648 2729 1722 2752 non
1753 2727 1879 2751 mono-

325 2770 505 2814 s3llabum
530 2774 585 2804 est
607 2771 729 2804 nihil
755 2781 870 2813 neque
897 2771 971 2804 ullo
999 2770 1107 2804 modo
1134 2769 1211 2803 fieri
1237 2770 1384 2813 poterat
1410 2767 1507 2811 quod
1533 2765 1627 2810 apud
1654 2764 1760 2800 Publ.
1786 2763 1817 2797 L
1838 2763 1879 2798 16
