1967 3090
745 123 1066 166 ——229—

131 241 228 284 quod
258 240 363 284 plura
403 250 508 273 nosse
543 242 579 273 et
614 239 746 273 vidisse
781 238 994 273 creduntur:
1034 237 1131 281 quod
1165 236 1348 271 Homerus
1387 234 1680 278 frequentissime

128 291 296 322 testatur.

224 335 279 369 55.
317 333 405 368 Ubi
439 337 483 368 te
519 333 715 377 capiant
744 333 765 366 i.
794 344 822 366 e.
851 333 881 365 si
907 331 1051 375 quando
1079 331 1232 370 accidat,
1260 333 1299 364 ut
1323 333 1360 364 te
1387 330 1550 373 capiant:
1589 339 1680 372 quae

133 381 355 415 coniunctivi
379 381 473 414 ratio
500 392 582 414 cum
606 379 789 424 particula
815 378 891 413 ubi
918 378 1105 412 coniuncti
1131 378 1241 411 etiam
1267 377 1396 410 ceteris
1413 376 1565 410 Publilii
1590 375 1680 410 locis

132 428 298 462 obtinere
337 428 431 462 solet
464 426 508 462 cf.
542 426 648 462 Publ.
683 427 718 461 A
745 427 800 461 21.
836 427 890 461 55.
925 425 957 459 Β
984 425 1027 460 35
1061 424 1152 463 (78).
1192 424 1218 457 C
1245 424 1265 457 4
1293 424 1382 467 (88).
1421 423 1452 457 E
1478 423 1534 458 20.
1573 422 1611 456 H
1638 423 1679 456 11

127 476 240 519 (213).
279 474 318 508 H
353 475 396 509 14
430 474 545 519 (4216).
585 473 605 508 Ι
640 475 683 508 55
717 473 827 518 (285).
879 472 919 506 M
955 473 997 507 53
1034 471 1147 515 (362).
1187 470 1217 504 O
1250 471 1269 505 T
1302 471 1414 514 (442).
1453 469 1489 503 V
1516 471 1535 504 T
1570 470 1681 514 (635).

130 523 308 566 Capere
335 522 356 556 i.
384 532 413 556 e.
441 522 607 565 decipere
633 520 679 556 cf.
706 520 779 555 Cic.
804 518 899 554 Mur.
928 519 982 554 10.
1009 519 1086 552 iure
1112 518 1268 552 consulti
1295 521 1349 551 est
1383 528 1523 557 cavere.
1558 527 1602 550 ne
1629 516 1682 550 sui

130 569 355 603 consultores
382 569 583 612 capiantur.
619 567 767 611 Syllaba
793 566 895 601 verbi
914 565 1232 600 defenderunt
1258 564 1460 609 penultima
1487 564 1682 607 corripitur

131 615 176 651 cf.
203 615 308 650 Publ.
336 614 363 649 C
391 616 410 650 6
436 616 524 659 (90).

225 663 279 698 56.
316 661 373 696 De
399 660 577 696 sententia
603 665 789 704 comparat
816 660 996 695 Gruterus
1024 659 1115 694 Hor.
1143 670 1198 703 ep.
1226 658 1255 693 I.
1284 658 1338 699 19,
1367 661 1397 693 6.
1433 658 1600 691 laudibus
1627 669 1683 692 ar-

129 710 252 754 guitur
277 710 352 743 vini
377 709 523 743 vinosus
549 708 746 742 Homerus.

225 757 281 792 57.
319 756 376 790 De
407 755 502 790 mala
527 767 650 790 versus
678 755 833 789 diaeresi
858 755 942 788 vide
968 753 1172 788 Woelfflin.
1204 752 1351 797 Proleg.
1386 764 1418 796 p.
1449 752 1502 787 58.
1543 751 1593 786 Ut
1621 751 1683 785 ha-

129 803 216 837 beat
249 803 428 847 particula
463 803 620 841 etiam,
660 801 759 846 quod
791 806 980 845 augeatur,
1015 801 1131 838 clam
1165 812 1247 834 cum
1280 800 1317 833 id
1350 806 1503 843 propter
1529 799 1684 832 similem

130 851 232 885 verbi
251 850 498 884 antecedentis
518 849 696 893 syllabam
720 849 949 883 intercidisse
976 852 1111 892 posset,
1140 860 1183 882 ex
1210 848 1416 881 coniectura
1443 846 1584 880 addidi:
1613 856 1683 889 quo

130 898 175 931 de
214 897 443 941 corruptelae
482 908 615 941 genere
648 896 720 931 w'd.
758 896 874 940 praef.
909 907 943 940 p.
981 895 1035 930 18.
1074 894 1159 929 Non
1193 895 1311 928 solum
1337 893 1433 938 apud
1458 894 1589 937 ipsum.
1621 893 1685 927 sed

132 945 243 978 etiam
270 944 367 988 apud
393 945 555 977 animum
583 955 686 977 suum
713 944 814 986 queri
841 943 885 977 de
911 943 1027 976 amico
1053 953 1164 986 grave
1192 953 1270 976 esse
1297 941 1479 975 sententia
1505 940 1622 975 docet.

225 991 280 1026 58.
320 990 511 1025 Sententia
537 1002 609 1024 non
636 994 689 1024 est
717 990 762 1024 de
790 989 1031 1029 defendenda,
1061 989 1124 1023 sed
1151 988 1196 1022 de
1221 988 1411 1022 inferenda
1436 988 1587 1021 iniuria:
1622 987 1683 1030 qui

130 1039 315 1073 nociturus
342 1042 408 1079 est,
435 1049 579 1082 semper
603 1037 761 1071 nocendi
787 1037 937 1071 consilia
966 1037 1090 1070 iniisse
1117 1036 1320 1070 credendus
1348 1040 1414 1070 est.

226 1085 280 1120 59.
319 1084 376 1119 De
411 1085 572 1119 numeris
605 1084 651 1118 cf.
686 1083 793 1118 Publ.
828 1084 858 1118 B
885 1084 929 1118 30
955 1084 1044 1128 (78).
1082 1082 1239 1118 Phaedr.
1266 1082 1317 1118 H.
1347 1084 1377 1116 1.
1406 1083 1437 1117 ὃ.
1464 1081 1538 1115 ΙΙΙ.
1569 1083 1621 1122 19⁷
1651 1083 1682 1116 5.

131 1132 198 1168 IV.
225 1133 246 1167 8
273 1133 329 1177 (9)
355 1133 386 1166 5.
413 1131 469 1166 De
498 1133 681 1166 sententia
708 1131 755 1167 cf.
782 1130 885 1165 Publ.
915 1130 953 1164 H
979 1131 999 1165 9
1027 1131 1140 1175 (211).

226 1180 281 1214 60.
319 1178 497 1214 Miserum
522 1182 586 1219 est,
623 1190 705 1212 cum
731 1179 878 1217 malum,
905 1181 1097 1222 postquam
1124 1178 1170 1211 ad
1197 1189 1297 1210 suam
1322 1176 1435 1221 ipsius
1462 1175 1682 1210 consumtis)-

132 1238 213 1260 nem
241 1227 380 1266 saeviit,
408 1226 642 1261 recrudescit.
670 1225 722 1260 Cf.
751 1225 835 1260 Sen.
863 1225 909 1259 ad
934 1224 1050 1258 Marc.
1077 1224 1122 1258 de
1149 1223 1284 1258 consol.
1313 1223 1343 1259 1.
1368 1224 1400 1258 T.

227 1274 282 1309 61.
310 1272 349 1307 Si
374 1274 453 1316 quis
480 1284 560 1306 sero
586 1284 739 1317 peccare
765 1273 938 1316 coeperit.
971 1271 1040 1305 hoc
1067 1271 1213 1315 quidem
1239 1271 1416 1315 peccandi
1442 1271 1584 1304 initium
1609 1273 1685 1303 tur-

131 1321 322 1365 pissimum
355 1324 421 1355 est.
466 1320 519 1355 Cf.
555 1319 679 1364 Quint.
706 1319 795 1355 VH.
832 1320 864 1360 2,
900 1320 956 1354 33.
992 1322 1182 1353 accusator
1216 1322 1339 1352 autem
1374 1318 1419 1351 ad
1455 1320 1686 1362 praesentem

131 1368 392 1410 quaestionem,
429 1368 473 1401 de
507 1378 576 1411 qua
611 1367 688 1400 sola
713 1367 888 1400 iudicium
915 1367 974 1402 sit.
1007 1366 1257 1409 cognitionem
1283 1364 1448 1408 alligabit
1475 1365 1599 1398 dicens
1625 1376 1686 1398 ne-

131 1415 265 1448 minem
290 1425 363 1448 non
389 1414 586 1458 aliquando
613 1415 775 1458 coepisse
801 1425 952 1457 peccare
980 1419 1070 1456 eth.

228 1462 282 1496 62.
323 1460 551 1496 Sententiam
586 1461 742 1495 similem
776 1464 965 1505 comparat
1000 1459 1179 1493 Gruterus
1216 1459 1289 1493 Cic.
1323 1457 1417 1494 Phil.
1455 1458 1506 1492 Π.
1541 1459 1595 1492 25.
1631 1458 1685 1493 61.

132 1520 241 1552 quam
272 1509 446 1542 miserum
480 1513 531 1543 est
558 1508 597 1542 id
621 1519 756 1552 negare
782 1519 855 1542 non
881 1519 997 1551 posse.
1025 1507 1122 1550 quod
1148 1507 1193 1540 sit
1220 1506 1470 1549 turpissimum
1509 1505 1686 1540 confiteri.

227 1556 282 1591 63.
317 1556 489 1589 Alterum
515 1555 734 1589 vocabulum
760 1555 941 1598 scriptura
969 1558 1029 1588 aut
1058 1565 1146 1588 sono
1173 1553 1339 1587 adsimile
1361 1553 1591 1587 intercidisse
1611 1552 1687 1586 ad-

132 1607 344 1642 vocatus.
381 1614 545 1636 caveas
581 1607 703 1636 autem
737 1613 782 1636 ex
808 1606 981 1645 corrupto
1008 1601 1194 1635 cavetis
1221 1612 1240 1634 a
1268 1599 1429 1634 Grutero
1456 1604 1556 1634 recte
1581 1610 1686 1643 repo-

133 1651 243 1684 situm
277 1649 448 1684 arbitror.
498 1649 606 1684 Vnde
639 1649 728 1683 haec
763 1649 944 1683 sententia
980 1648 1143 1683 exsistit:
1186 1647 1287 1691 ⁷.(2}ua
1321 1647 1462 1682 ratione
1491 1647 1688 1681 advocatus

132 1697 259 1731 clienti
296 1708 402 1740 opem
435 1696 542 1737 feras,
581 1708 663 1730 cum
697 1696 925 1730 adversarius
959 1696 1078 1729 animo
1112 1695 1212 1728 aliud
1245 1694 1394 1739 cogitat.
1434 1693 1534 1728 aliud
1566 1694 1686 1728 verbis

131 1742 249 1788 petit?
276 1765 319 1769 —
347 1744 620 1778 Advocatus
656 1744 752 1777 enim
785 1743 815 1777 is
850 1742 1051 1781 dicebatur,
1088 1742 1149 1785 qui
1176 1741 1434 1782 advocabatur,
1469 1745 1511 1775 ut.
1536 1740 1688 1775 consilio

132 1794 170 1825 et
195 1791 404 1835 praesentia
430 1794 492 1824 aut
518 1802 732 1834 quacunque
758 1791 901 1824 ratione
927 1793 1049 1834 posset
1077 1790 1158 1830 alia,
1185 1789 1224 1822 in
1248 1788 1384 1822 iudicio
1411 1799 1514 1822 reum
1535 1788 1688 1827 iuvaret,

131 1839 187 1872 ius
221 1842 447 1883 suggereret,
482 1837 656 1883 litigandi
689 1837 863 1871 formulas
898 1836 1039 1880 forique
1074 1847 1212 1870 morem
1247 1835 1393 1869 doceret
1421 1835 1467 1870 cf.
1493 1834 1688 1869 Ruhnken.

134 1885 180 1919 ad
206 1884 288 1920 Ter.
314 1885 408 1919 Eun.
443 1884 494 1920 II.
522 1885 554 1923 3,
581 1884 638 1920 48.
689 1885 929 1918 Advocati
961 1883 1125 1918 Terentii
1161 1887 1196 1916 et
1223 1882 1410 1917 Ciceronis
1447 1885 1566 1916 aetate
1593 1882 1689 1916 dice-

133 1932 268 1966 bantur
294 1932 410 1972 amici,
439 1942 527 1975 quos
555 1932 617 1975 qui
641 1931 775 1966 iudicio
801 1931 1101 1975 periclitarentur
1127 1930 1174 1964 ad
1201 1941 1238 1963 se
1264 1929 1457 1970 vocabant,
1484 1933 1522 1963 ut
1551 1941 1588 1964 se
1606 1940 1689 1963 con-

135 1979 226 2019 silio,
260 1979 392 2023 gratia,
428 1979 667 2023 supplicando
701 1982 760 2012 aut
796 1978 865 2012 alia
899 1979 1025 2021 quavis
1053 1989 1163 2021 opera
1189 1977 1359 2011 iuvarent.
1386 1980 1420 2011 et
1446 1977 1690 2020 praesentiam

135 2037 236 2059 suam
263 2026 548 2060 commodarent.
600 2024 672 2069 Qui
697 2029 817 2059 autem
843 2037 970 2059 causas
998 2025 1163 2063 orabant,
1192 2024 1340 2068 patroni
1367 2035 1559 2058 causarum
1583 2035 1688 2058 voca-

134 2073 278 2107 bantur.
320 2072 417 2106 Vide
443 2073 578 2107 Ascon.
605 2072 694 2107 Ped.
720 2073 759 2106 in
785 2072 859 2107 Cic.
887 2071 969 2107 Div.
997 2072 1035 2105 in
1061 2071 1164 2105 Caec.
1191 2072 1224 2106 4.
1251 2070 1327 2104 Sed
1348 2075 1477 2114 postea
1497 2071 1607 2104 etiam
1625 2070 1689 2111 illi,

135 2121 197 2163 qui
222 2131 348 2153 causas
375 2120 545 2163 agebant.
571 2119 793 2153 advocati
820 2119 910 2152 dicti
936 2122 1030 2153 sunt.
1081 2117 1242 2153 Gronov.
1269 2117 1372 2152 Lect.
1399 2116 1519 2151 Plaut.
1548 2129 1583 2161 p.
1612 2117 1689 2153 142.

137 2167 211 2201 Cic.
238 2166 306 2201 Off.
333 2165 364 2201 I.
392 2167 447 2202 10.
475 2166 600 2210 Quint.
628 2167 660 2201 8.
687 2165 798 2200 Multi
824 2167 933 2199 etiam
952 2169 1033 2199 sunt
1053 2165 1151 2209 apud
1169 2165 1327 2198 comicos
1345 2165 1416 2198 loci
1435 2163 1558 2199 Plaut.
1578 2163 1689 2198 Poen.

135 2213 210 2249 III.
237 2214 268 2254 6,
297 2215 352 2248 11.
378 2213 460 2249 Ter.
487 2213 580 2248 Eun.
607 2212 659 2248 II.
687 2213 718 2254 3,
744 2213 801 2248 49.
828 2212 894 2246 IV.
923 2214 954 2253 6,
982 2212 1037 2247 26.
1065 2212 1136 2247 Ad.
1163 2211 1231 2246 IV.
1260 2213 1290 2251 5,
1320 2212 1374 2247 12.
1400 2210 1552 2246 Phorm.
1579 2210 1631 2246 II.
1661 2213 1690 2253 1,

135 2261 192 2296 83.
225 2259 316 2295 Vide
341 2259 528 2295 Drakenb.
555 2260 602 2294 ad
627 2260 707 2295 Liv.
734 2260 790 2298 42,
819 2260 872 2298 33.
903 2262 933 2295 1.

231 2308 286 2342 64.
323 2306 380 2341 De
412 2308 591 2341 sententia
626 2306 671 2342 cf.
699 2306 803 2347 Publ.
839 2305 870 2340 P
897 2308 952 2342 55.
988 2306 1019 2351 Q
1045 2307 1090 2340 44
1125 2306 1236 2349 (2544).
1275 2305 1383 2340 Prov.
1414 2306 1494 2340 109.
1523 2304 1607 2340 Sen.
1635 2316 1690 2349 ep.

135 2353 266 2435 VLf9
304 2355 382 2399 (61)
419 2355 451 2390 3.
485 2366 559 2388 non
596 2355 658 2398 qui
691 2355 806 2388 iussus
846 2354 985 2398 aliquid
1019 2353 1123 2394 facit,
1161 2353 1273 2386 miser
1299 2356 1370 2393 est.
1411 2352 1476 2386 sed
1510 2353 1571 2396 qui
1602 2353 1693 2385 invi·

136 2404 194 2435 tus
235 2402 317 2436 acit.

231 2449 286 2484 65.
324 2448 519 2492 Decipit
552 2448 574 2482 i.
602 2459 632 2482 e.
666 2448 757 2481 latet
784 2448 841 2482 vel
868 2447 994 2491 effugit
1021 2451 1060 2481 ut
1102 2451 1139 2481 te
1173 2450 1324 2491 repente
1361 2447 1694 2480 circumventurum

136 2495 195 2529 vel
222 2498 535 2539 superventurum.
575 2494 628 2529 Cf.
653 2494 746 2528 Hor.
775 2493 891 2528 Serm.
919 2493 948 2530 1.
977 2495 1008 2535 3,
1036 2495 1092 2529 38.
1134 2494 1217 2528 Liv.
1243 2494 1299 2534 22.
1326 2494 1357 2535 4,
1385 2494 1419 2528 4.

235 2542 289 2577 66.
315 2541 371 2576 De
397 2542 577 2576 sententia
604 2541 650 2576 cf.
676 2540 785 2576 Prov.
809 2542 865 2576 47.

235 2589 291 2624 67.
318 2588 540 2623 Occurrit
567 2589 606 2623 id
631 2588 730 2632 quod
756 2592 906 2632 praeter
931 2588 1245 2632 exspectationem
1263 2587 1411 2621 obviam
1430 2586 1538 2621 venit.
1568 2585 1692 2630 Quint.

138 2634 206 2670 IV.
233 2636 264 2677 5,
291 2635 323 2670 2.
362 2634 571 2670 Sententiae
606 2636 814 2679 exemplum
847 2635 1070 2675 Alexander,
1104 2635 1211 2679 Epiri
1235 2646 1309 2675 rex,
1345 2633 1443 2678 apud
1468 2633 1548 2667 Liv.
1576 2636 1608 2671 ὅ.
1637 2632 1693 2666 24.

137 2693 209 2725 quo
234 2682 316 2726 loco
341 2682 431 2717 haec
456 2682 647 2728 leguntur:
677 2686 737 2724 „ut
763 2681 877 2716 ferme
904 2681 1078 2727 fugiendo
1103 2682 1143 2715 in
1166 2682 1286 2716 media
1312 2681 1389 2715 fata
1414 2681 1564 2714 ruiturſs‘

235 2729 289 2764 68.
328 2727 384 2763 De
417 2741 449 2765 v,
482 2740 663 2763 monere
694 2730 731 2762 vi
762 2740 804 2763 ac
837 2732 1019 2772 potestate
1052 2729 1135 2763 vide
1170 2727 1252 2762 Sen.
1288 2732 1362 2763 nat.
1392 2730 1528 2770 quaest.
1556 2725 1607 2759 II.
1637 2726 1694 2761 39.
