1967 3090
759 121 1078 164 —181—

139 235 162 271 i.
189 246 218 270 e.
257 236 477 280 principium
514 235 767 280 philosophiae
802 244 879 270 esse
913 236 1142 271 inscientiam
1176 237 1274 272 dicit.
1335 236 1417 272 Sen.
1445 248 1502 281 ep.
1528 236 1640 271 VIII.
1667 239 1688 272 2

138 283 217 327 (71)
242 284 297 318 27.
325 286 518 336 antequam
543 283 748 327 impleatur
776 283 916 317 incerta
932 284 1066 317 mentis
1085 284 1263 318 volutatio
1289 288 1358 326 est3
1386 296 1469 318 cum
1493 295 1579 319 vero
1607 295 1688 329 per-

139 329 277 364 fectum
303 335 369 369 est,
395 330 547 364 immota
571 330 637 364 1113
663 329 844 364 stabilitas
870 333 935 365 est.
987 330 1117 365 Nescio
1145 343 1191 364 an
1217 331 1262 365 ab
1288 342 1326 365 re
1353 331 1511 366 alienum
1537 332 1584 366 sit
1610 344 1690 366 nar-

139 388 232 418 rare,
272 377 370 420 quod
404 388 519 421 nuper
556 377 629 421 legi
653 376 882 411 Fridericum
917 377 1136 422 singularem
1170 378 1274 411 illum
1300 378 1541 412 Borussorum
1568 390 1690 425 regem

138 423 344 470 Dargensio
379 424 440 458 uni
474 436 519 458 ex
550 424 688 458 intimis
719 424 845 457 amicis
878 424 951 457 suis
984 436 1044 458 vas
1079 425 1327 468 porcellanum
1354 426 1518 460 donasse.
1558 427 1594 460 in
1621 438 1690 470 quo

138 471 228 505 haec
259 472 371 506 verba
402 471 635 506 inscribenda
660 471 878 505 curavisset:
917 470 1080 506 Dubium
1115 472 1314 516 sapientiae
1341 473 1540 508 initium.
1580 473 1688 508 Unde

138 518 319 562 quispiam
349 519 419 553 hoc
453 529 595 563 quoque
619 529 727 552 versu
758 529 824 562 pro
858 519 1117 553 remedium
1143 519 1404 563 sapientiae
1432 520 1540 554 scribi
1565 521 1688 556 malit:

138 565 324 599 initium
351 570 420 601 631
446 565 725 610 sapientiae.
775 565 829 599 At
852 577 925 599 non
949 565 1020 600 hoc
1046 570 1126 600 erat
1151 578 1257 611 opus:
1285 567 1372 610 quid
1397 567 1494 610 quod
1520 568 1630 602 etiam
1648 567 1687 602 F.

137 614 185 648 A.
211 611 368 647 Wolfius
405 614 442 647 in
467 613 692 657 praefat-ione
726 612 773 646 ad
797 612 986 656 Aristoph.
1016 612 1110 647 Nub.
1143 626 1176 658 p.
1204 613 1279 647 XV
1282 613 1355 649 III.
1383 614 1551 648 similiter
1577 615 1686 650 dixit:

137 659 183 694 In
217 660 338 695 dieser
370 659 469 694 Noth
495 659 620 694 wurde
652 659 710 693 ein
736 658 1016 694 Heilmittel
1049 660 1115 695 der
1147 661 1278 696 Musen
1309 661 1474 705 gesucht.
1538 661 1577 696 Si
1602 673 1689 697 vero

137 708 216 751 quis
245 708 506 751 sapientiae
539 718 607 751 pro
641 706 764 740 dativo
799 707 964 751 accipere
995 708 1095 742 velit.
1132 711 1172 742 ut
1206 708 1299 742 dixit
1331 707 1414 742 Seu.
1448 713 1523 744 nat.
1550 713 1687 752 quaest.

138 753 206 789 VI.
234 756 265 789 *2.
296 757 325 790 1.
353 755 430 789 3106
454 754 615 788 remedio
640 754 751 788 timor
778 754 940 788 stultis
968 759 1031 795 est,
1066 755 1134 789 1100
1159 756 1410 800 respondeam
1445 758 1589 800 poetam
1617 768 1688 790 am-

137 801 330 846 biguitatis
356 802 527 836 vitandae
554 812 662 835 031133
688 801 845 845 sapienti
870 802 927 836 vel
955 803 1249 846 sapientibus
1276 803 1459 837 dicturum
1486 803 1606 839 fuisse.

234 849 288 884 54.
316 848 453 885 ,Vocis
478 848 630 882 verbera
656 848 941 890 obiurorationes.
985 849 1182 894 Comparat
1209 850 1366 884 Orellius
1392 849 1514 884 Flacci
1540 855 1690 895 patruae

137 896 291 931 verbera
316 876 461 940 linguae
486 895 622 939 (Carm.
648 895 720 930 ΠΙ.
750 878 804 936 12
832 896 908 940 2.“)
933 896 1099 932 Bothius.

230 944 285 979 55.
313 942 503 978 Sententia
528 942 767 977 multifariam
793 932 987 978 decantata
1014 944 1059 978 cf.
1086 944 1193 979 Publ.
1220 943 1240 978 I
1258 944 1278 979 9
1304 944 1416 988 (238).
1444 944 1476 978 N
1502 945 1547 979 45
1573 945 1686 988 1421).

138 990 171 1034 Q
196 991 241 1026 28
265 990 378 1035 (5281.
406 990 431 1025 S
457 991 501 1025 35
529 991 645 1027 16181
685 990 784 1026 Sent.
812 990 906 1024 falso
932 991 1028 1026 inter
1052 990 1157 1027 Publ
1184 996 1322 1035 recept.
1349 992 1405 1027 38.

229 1039 285 1073 56.
312 1037 505 1072 Minimo
541 1049 621 1072 cum
653 1049 674 1072 a
700 1037 838 1072 Seneca
863 1038 1038 1072 traditum
1065 1040 1122 1073 sit.
1151 1043 1275 1073 tamen
1300 1040 1548 1073 minimum.
1588 1039 1685 1083 quod

135 1086 174 1119 in
198 1085 228 1120 F
254 1090 290 1120 et
323 1097 368 1130 ap
370 1085 419 1119 ud
446 1085 645 1120 Caecilium
670 1084 826 1119 Balbum
851 1086 1045 1120 invenitur.
1086 1098 1105 1120 a
1140 1085 1339 1131 Spengelio
1373 1091 1472 1121 recte
1502 1076 1689 1140 receptum

135 1136 189 1167 est
227 1132 272 1168 cf.
307 1132 478 1177 Spengel
512 1132 628 1177 praef.
662 1144 695 1176 p.
733 1133 763 1167 7.
813 1131 908 1166 Nam
935 1136 972 1167 et
997 1122 1097 1167 aliud
1123 1134 1240 1167 simile
1266 1134 1470 1178 scripturae
1497 1134 1624 1168 vitium
1652 1134 1690 1168 in

135 1191 190 1221 60,
228 1180 326 1234 quod
351 1179 488 1215 Seneca
526 1179 706 1233 praebuit,
745 1191 855 1224 supra
893 1180 1208 1224 deprehendimus.
1248 1180 1354 1215 Publ.
1393 1180 1413 1214 Ι
1440 1183 1459 1216 5
1498 1182 1687 1226 (214161

134 1228 374 1261 minimum
412 1238 486 1262 acc.
522 1227 613 1271 sing.
646 1230 764 1260 neutr.
797 1239 878 1268 σο11.
914 1239 980 1271 pro
1008 1228 1182 1262 adverbio
1217 1231 1272 1263 est
1302 1228 1364 1265 (cf.
1391 1228 1482 1262 Hor.
1511 1228 1629 1264 Carm.
1657 1228 1686 1262 Ι.

138 1276 191 1315 11,
229 1279 262 1310 ὅ.
300 1274 352 1310 ΙΙ.
392 1275 422 1310 6
463 1275 518 1309 24].
559 1286 614 1318 ep.
653 1273 705 1307 ΙΙ.
741 1276 771 1308 1.
801 1274 862 1309 72.
867 1284 872 1311 1
883 1275 948 1356 lita
974 1281 1014 1308 ut
1040 1279 1075 1309 et
1102 1287 1237 1319 egere
1265 1280 1299 1309 et
1325 1287 1496 1319 cupere
1523 1276 1688 1310 absolute

138 1322 260 1365 posita
299 1322 382 1355 sint.
445 1321 564 1356 Plaut.
608 1321 704 1355 Men.
748 1321 778 1357 I.
814 1324 844 1362 2,
928 1321 1064 1357 ,(1611.
1106 1322 1188 1357 NA.
1219 1322 1331 1358 XIII.
1374 1323 1428 1358 24.
1480 1322 1689 1358 Pronomen

134 1370 173 1402 is
211 1369 245 1403 h.
273 1369 296 1404 l.
336 1380 418 1403 cum
444 1370 480 1402 vi
507 1369 646 1403 dictum
682 1369 781 1402 idem
806 1324 923 1403 valet-3
943 1373 1049 1413 atque
1075 1370 1215 1404 dictum
1241 1371 1287 1404 sit
1326 1371 1363 1403 is
1397 1371 1685 1404 mortalium.

134 1420 358 1460 quapropter
391 1416 517 1451 abesse
548 1428 621 1450 non
647 1415 767 1450 debet.
817 1415 873 1450 De
907 1428 940 1452 v,
976 1428 1113 1461 egere
1146 1419 1295 1452 notione
1323 1417 1404 1452 Sen.
1433 1429 1488 1461 ep.
1516 1417 1545 1453 I.
1573 1418 1603 1453 ¹3.
1635 1418 1686 1453 14.

134 1464 290 1507 sapienti
324 1468 359 1497 et
392 1464 560 1497 manibus
593 1471 628 1497 et
663 1463 777 1497 oculis
812 1467 847 1497 et
873 1464 994 1498 multis
1003 1446 1068 1498 ead
1094 1465 1319 1499 cotidianum
1345 1477 1449 1499 usum
1474 1466 1687 1499 necessariis

133 1522 224 1555 opus
263 1514 316 1544 est
355 1511 394 1548 (i.
422 1522 449 1545 6.
478 1510 662 1555 braucht)
702 1515 784 1554 eget
822 1511 860 1547 (i.
887 1522 916 1545 e.
944 1511 1142 1556 empfindet
1174 1513 1233 1546 ein
1258 1512 1471 1557 Bediirfnis)
1505 1513 1606 1546 nulla
1638 1523 1686 1546 re.

135 1557 191 1593 Cf.
219 1557 318 1593 Sent.
346 1554 438 1591 falso
466 1558 561 1592 inter
587 1557 693 1591 Publ.
720 1569 828 1602 recep
831 1562 856 1592 t
885 1559 962 1594 231.

229 1605 283 1640 57.
320 1604 443 1639 Conv
434 1606 584 1639 enire
609 1605 644 1638 h.
671 1605 694 1638 l.
722 1616 796 1639 non
805 1570 877 1639 pest
904 1605 1004 1640 adire
1030 1606 1237 1652 (di-ingen).
1264 1607 1327 1640 sed
1353 1607 1531 1650 quadrare
1558 1608 1603 1641 in
1628 1608 1685 1642 161

133 1652 187 1686 3(1
213 1652 334 1696 aliqd..
363 1656 529 1696 aptatum
546 1663 624 1687 esse
650 1652 697 1686 ad
722 1652 845 1696 aliqd..
872 1653 1003 1687 cadere
1028 1654 1066 1687 in
1083 1654 1203 1697 aliqd..
1231 1666 1296 1688 nos
1311 1654 1465 1688 dicimus
1492 1667 1557 1688 ..zu
1575 1658 1685 1689 etwas

134 1700 337 1735 stimmen.‘·'
380 1699 435 1734 Cf.
462 1699 540 1734 Cat.
569 1699 613 1734 de
638 1711 678 1734 re
703 1704 792 1735 rust.
828 1701 848 1735 6
875 1703 967 1735 extr.
995 1704 1139 1735 ceterae
1165 1701 1270 1741 vites.
1308 1702 1493 1736 miscellae
1518 1703 1684 1737 maxime.

132 1747 171 1780 in
197 1747 360 1790 quemvis
395 1758 523 1792 agrum
548 1747 779 1781 conveniunt.
831 1747 937 1782 Varr.
965 1748 1009 1782 de
1040 1759 1079 1782 re
1106 1752 1195 1783 rust.
1222 1748 1252 1784 Ι.
1282 1749 1334 1783 19.
1361 1754 1531 1783 neutrum
1555 1749 1686 1783 horum

133 1794 179 1828 ad
205 1805 349 1829 omnem
375 1806 502 1839 agrum
528 1794 724 1828 convenire
749 1800 838 1838 puto
864 1798 901 1829 et
926 1800 1120 1839 utrumque
1146 1796 1193 1829 ad
1211 1796 1378 1839 aliquem.
1417 1796 1491 1832 Cic.
1510 1808 1577 1840 pro
1597 1796 1686 1831 Sull.

134 1842 154 1875 7
183 1845 273 1877 extr.
301 1842 338 1875 in
364 1853 468 1885 quem
497 1868 503 1875 .
525 1870 532 1877 .
553 1870 560 1877 .
587 1842 726 1875 nullam
755 1869 762 1877 .
783 1870 790 1877 .
817 1843 1077 1876 contumeliam
1104 1844 1141 1877 in
1166 1855 1224 1877 me
1250 1843 1368 1878 iacere
1393 1844 1566 1887 potueris.
1595 1855 1686 1888 quae

132 1899 205 1922 non
223 1888 269 1922 ad
286 1889 482 1923 maximam
499 1894 643 1933 partem
661 1889 795 1923 civium
822 1889 1042 1924 conveniret.
1084 1890 1188 1925 Haec
1214 1891 1326 1934 igitur
1351 1902 1478 1925 versus
1505 1892 1685 1925 sententia

133 1939 206 1971 est:
247 1936 400 1977 „Nullas
435 1936 626 1980 quisquam
660 1947 786 1980 preces
812 1936 975 1970 invenire
1000 1938 1148 1981 poterit.
1176 1949 1268 1982 quae
1293 1938 1339 1972 ad
1365 1938 1502 1972 inimici
1528 1939 1687 1973 animum

133 1988 241 2027 aptae
267 1983 375 2018 31111.“

228 2030 282 2066 ὃὸ.
311 2030 416 2084 Quod
439 2030 526 2064 libri
549 2030 727 2084 praebent
754 2030 962 2065 exitium.
997 2031 1035 2065 id
1061 2032 1210 2075 antiquo
1236 2043 1337 2066 more
1362 2031 1474 2070 (Fest.
1501 2045 1557 2077 ap.
1584 2032 1687 2066 Paul.

132 2077 236 2111 Diac.
264 2078 487 2112 ..exitium
514 2077 654 2120 antiqui
679 2078 865 2121 ponebant
889 2089 956 2122 pro
984 2079 1127 2121 exitu3
1155 2091 1250 2114 nunc
1276 2080 1472 2114 exitium
1490 2080 1687 2124 pessimum

134 2114 269 2159 exitum
295 2125 470 2159 dicimus⁴⁴
482 2131 488 2163 1
528 2136 596 2169 pro
623 2125 753 2158 exitu
788 2125 948 2169 positum
973 2125 1098 2159 haberi
1124 2130 1161 2159 et
1185 2125 1430 2161 Doederlinus
1456 2126 1515 2171 (S)
1514 2139 1557 2161 0.
1584 2127 1614 2161 F
1617 2139 1686 2163 330

133 2172 164 2207 2.
183 2183 220 2216 Ρ.
239 2173 295 2207 65.
308 2182 314 2210 1
340 2177 438 2206 recte
465 2166 575 2206 statui
593 2176 628 2206 et
647 2171 872 2206 Ribbeckius
898 2172 932 2207 h.
959 2173 981 2206 l.
1009 2184 1095 2206 sana
1121 2174 1262 2208 ratione
1288 2173 1437 2208 defendi
1454 2186 1560 2218 posse
1577 2186 1684 2219 nega-

132 2223 272 2253 xerunt.
324 2219 414 2253 Loci
441 2219 592 2254 sanandi
618 2219 818 2253 remedium
844 2219 913 2253 1100
938 2219 1027 2253 101111
1053 2220 1181 2254 videor
1205 2221 1266 2254 inv
1270 2221 1395 2255 6111336.
1430 2228 1470 2254 ut
1497 2233 1563 2266 pro
1590 2222 1684 2256 exi-

132 2265 245 2300 tium
284 2266 469 2300 scribatur
506 2267 646 2301 exire.
696 2265 783 2302 vid.
815 2266 929 2310 praef.
964 2279 998 2311 p.
1042 2268 1089 2303 16.
1127 2267 1235 2312 Quod
1269 2268 1299 2302 31
1332 2272 1431 2303 recte
1466 2280 1503 2303 se
1539 2269 1683 2310 habeat,

134 2313 241 2347 simul
266 2313 336 2348 hoc
361 2317 546 2358 appareat.
583 2314 765 2358 quomodo
791 2314 828 2347 in
853 2325 977 2348 versus
1002 2313 1232 2350 Publilianos
1258 2316 1400 2350 librarii
1425 2316 1683 2357 consuluerint.

132 2364 173 2393 ut
207 2360 304 2404 quod
336 2361 676 2405 interpretarentur,
713 2360 750 2394 id
787 2361 903 2405 ipsum
939 2361 976 2395 in
1011 2373 1215 2397 sermonem
1240 2362 1488 2397 Publilianum
1522 2364 1685 2408 recipere

132 2419 206 2441 non
231 2407 451 2442 dubitarent.
501 2408 554 2443 Ut
578 2408 753 2442 hoc‘loco
779 2408 960 2443 infinitivo
986 2409 1134 2450 exire,
1162 2410 1223 2453 qui
1247 2410 1344 2454 apud
1362 2410 1560 2444 Publih'um
1578 2414 1682 2451 63361,

133 2454 402 2489 substantivum
435 2455 713 2490 substituerunt.
770 2454 930 2489 Verbum
962 2455 1108 2490 habeo
1135 2468 1215 2491 cum
1242 2457 1424 2491 infinitivo
1451 2459 1684 2492 coniunctum

132 2502 233 2535 nullo
257 2506 423 2546 tempore
447 2503 545 2547 apud
569 2502 721 2536 Latinos
746 2514 820 2536 0011
845 2503 1107 2547 ursurpabatur
1132 2515 1198 2539 nec
1223 2505 1261 2538 id
1278 2505 1386 2539 modo
1405 2516 1487 2539 cum
1505 2505 1684 2539 infinitivo

132 2549 234 2583 verbi
259 2549 435 2589 dicere,
475 2550 540 2584 sed
574 2550 684 2584 etiam
722 2550 877 2584 aliorum
902 2550 1103 2621 verborum
1121 2552 1365 2586 coniunctum.
1417 2553 1468 2587 [t
1494 2552 1583 2586 dixit
1611 2552 1684 2587 Cic.

133 2595 180 2630 ad
204 2595 304 2632 Fam.
338 2595 368 2632 I.
396 2596 428 2631 5.
462 2596 579 2631 habeo
614 2596 791 2641 polliceri,
826 2597 873 2631 ad
896 2598 977 2632 Att.
1004 2597 1056 2634 II.
1108 2599 1139 2633 2.
1167 2598 1211 2633 (16
1238 2599 1425 2643 republica
1450 2600 1541 2633 nihil
1567 2599 1684 2633 habeo

133 2642 180 2676 ad
212 2647 249 2678 te
282 2643 458 2686 scribere3
497 2643 579 2679 Liv.
614 2644 669 2685 44,
697 2644 752 2679 22.
787 2643 880 2677 illud
905 2600 1103 2679 affimaress
1113 2657 1179 2690 pro
1206 2650 1304 2680 certo
1330 2646 1466 2689 1131160,
1498 2646 1615 2680 Varro
1641 2646 1685 2680 de

132 2700 171 2723 re
197 2693 286 2726 rust.
312 2690 342 2726 I.
370 2692 401 2725 1.
426 2702 558 2735 meque
582 2695 623 2726 ut
647 2691 685 2725 id
710 2691 799 2724 mihi
825 2691 981 2726 habeam
1007 2704 1150 2735 curare3
1182 2692 1306 2737 Quint.
1334 2693 1485 2729 declam.
1513 2692 1601 2728 VII.
1630 2694 1683 2728 12.

132 2736 249 2771 1131160
275 2737 394 2772 adhuc
420 2738 465 2772 de
489 2738 554 2772 illo
580 2738 696 2772 multa
723 2738 862 2773 referre
888 2743 1027 2773 secreto
1054 2744 1115 2774 aut
1140 2740 1291 2775 declam.
1317 2739 1423 2774 XVI.
1452 2742 1482 2776 5.
1510 2751 1576 2785 ego
1602 2751 1685 2774 cum
