<?xml version="1.0" encoding="UTF-8"?>
<!DOCTYPE html PUBLIC "-//W3C//DTD XHTML 1.0 Transitional//EN"
    "http://www.w3.org/TR/xhtml1/DTD/xhtml1-transitional.dtd">
<html xmlns="http://www.w3.org/1999/xhtml" xml:lang="en" lang="en">
 <head>
  <title>
</title>
<meta http-equiv="Content-Type" content="text/html;charset=utf-8" />
  <meta name='ocr-system' content='tesseract 3.04.00' />
  <meta name='ocr-capabilities' content='ocr_page ocr_carea ocr_par ocr_line ocrx_word'/>
</head>
<body>
  <div class='ocr_page' id='page_1' title='image "./sententiae1880publuoft_0279.png"; bbox 0 0 1967 3090; ppageno 0'>
   <div class='ocr_carea' id='block_1_1' title="bbox 792 181 1110 224">
    <p class='ocr_par' dir='ltr' id='par_1_1' title="bbox 792 181 1110 224">
     <span class='ocr_line' id='line_1_1' title="bbox 792 181 1110 224; baseline 0 0"><span class='ocrx_word' id='word_1_1' title='bbox 792 205 840 210; x_wconf 91' lang='lat'>—</span> <span class='ocrx_word' id='word_1_2' title='bbox 907 181 1110 224; x_wconf 83' lang='lat'>275—</span> 
     </span>
    </p>
   </div>
   <div class='ocr_carea' id='block_1_2' title="bbox 165 296 1721 2787">
    <p class='ocr_par' dir='ltr' id='par_1_2' title="bbox 165 296 1721 2787">
     <span class='ocr_line' id='line_1_2' title="bbox 205 296 1377 337; baseline -0.001 -5"><span class='ocrx_word' id='word_1_3' title='bbox 205 298 258 332; x_wconf 83' lang='lat'>15.</span> <span class='ocrx_word' id='word_1_4' title='bbox 272 296 463 332; x_wconf 88' lang='lat' dir='ltr'>Neminem</span> <span class='ocrx_word' id='word_1_5' title='bbox 489 299 562 332; x_wconf 90' lang='lat' dir='ltr'>cito</span> <span class='ocrx_word' id='word_1_6' title='bbox 591 298 826 337; x_wconf 82' lang='lat' dir='ltr'>accusaveris,</span> <span class='ocrx_word' id='word_1_7' title='bbox 852 298 1035 332; x_wconf 90' lang='lat' dir='ltr'>neminem</span> <span class='ocrx_word' id='word_1_8' title='bbox 1062 298 1135 331; x_wconf 89' lang='lat' dir='ltr'>cito</span> <span class='ocrx_word' id='word_1_9' title='bbox 1160 296 1377 331; x_wconf 84' lang='lat' dir='ltr'><strong>laudaveris.</strong></span> 
     </span>
     <span class='ocr_line' id='line_1_3' title="bbox 272 342 1721 388; baseline 0.001 -10"><span class='ocrx_word' id='word_1_10' title='bbox 272 343 521 380; x_wconf 82' lang='lat' dir='ltr'>Pseudo-Seu.</span> <span class='ocrx_word' id='word_1_11' title='bbox 549 345 593 379; x_wconf 89' lang='lat' dir='ltr'>de</span> <span class='ocrx_word' id='word_1_12' title='bbox 618 356 707 379; x_wconf 91' lang='lat' dir='ltr'>mor.</span> <span class='ocrx_word' id='word_1_13' title='bbox 735 345 789 380; x_wconf 95' lang='lat'>76.</span> <span class='ocrx_word' id='word_1_14' title='bbox 817 344 916 380; x_wconf 85' lang='lat' dir='ltr'>Sent.</span> <span class='ocrx_word' id='word_1_15' title='bbox 942 344 1036 378; x_wconf 88' lang='lat' dir='ltr'>falso</span> <span class='ocrx_word' id='word_1_16' title='bbox 1054 345 1150 378; x_wconf 88' lang='lat' dir='ltr'>inter</span> <span class='ocrx_word' id='word_1_17' title='bbox 1166 342 1271 379; x_wconf 86' lang='lat' dir='ltr'>Publ.</span> <span class='ocrx_word' id='word_1_18' title='bbox 1290 348 1424 388; x_wconf 78' lang='lat' dir='ltr'>recept.</span> <span class='ocrx_word' id='word_1_19' title='bbox 1443 344 1522 379; x_wconf 91' lang='lat'>296.</span> <span class='ocrx_word' id='word_1_20' title='bbox 1540 343 1598 379; x_wconf 80' lang='lat' dir='ltr'>Ri.</span> <span class='ocrx_word' id='word_1_21' title='bbox 1615 356 1647 380; x_wconf 91' lang='lat' dir='ltr'>V.</span> <span class='ocrx_word' id='word_1_22' title='bbox 1668 344 1721 380; x_wconf 82' lang='lat'>15.</span> 
     </span>
     <span class='ocr_line' id='line_1_4' title="bbox 200 391 1126 437; baseline 0 -11"><span class='ocrx_word' id='word_1_23' title='bbox 200 391 254 427; x_wconf 92' lang='grc'>16.</span> <span class='ocrx_word' id='word_1_24' title='bbox 281 391 432 426; x_wconf 80' lang='lat' dir='ltr'>Nullum</span> <span class='ocrx_word' id='word_1_25' title='bbox 458 393 643 437; x_wconf 84' lang='lat' dir='ltr'>putaveris</span> <span class='ocrx_word' id='word_1_26' title='bbox 669 403 746 426; x_wconf 90' lang='lat' dir='ltr'>esse</span> <span class='ocrx_word' id='word_1_27' title='bbox 772 393 893 427; x_wconf 89' lang='lat' dir='ltr'>locum</span> <span class='ocrx_word' id='word_1_28' title='bbox 919 392 996 426; x_wconf 86' lang='lat' dir='ltr'>sine</span> <span class='ocrx_word' id='word_1_29' title='bbox 1020 395 1126 426; x_wconf 90' lang='lat' dir='ltr'>teste.</span> 
     </span>
     <span class='ocr_line' id='line_1_5' title="bbox 279 437 1718 482; baseline -0.001 -9"><span class='ocrx_word' id='word_1_30' title='bbox 279 438 528 474; x_wconf 81' lang='lat' dir='ltr'>Pseudo—Seu.</span> <span class='ocrx_word' id='word_1_31' title='bbox 550 440 594 474; x_wconf 89' lang='lat' dir='ltr'>de</span> <span class='ocrx_word' id='word_1_32' title='bbox 613 451 703 475; x_wconf 90' lang='lat' dir='ltr'>mor.</span> <span class='ocrx_word' id='word_1_33' title='bbox 725 439 779 474; x_wconf 85' lang='lat'>79.</span> <span class='ocrx_word' id='word_1_34' title='bbox 800 439 898 474; x_wconf 88' lang='lat' dir='ltr'>Sent.</span> <span class='ocrx_word' id='word_1_35' title='bbox 918 439 1011 473; x_wconf 86' lang='lat' dir='ltr'>falso</span> <span class='ocrx_word' id='word_1_36' title='bbox 1028 439 1125 473; x_wconf 86' lang='lat' dir='ltr'>inter</span> <span class='ocrx_word' id='word_1_37' title='bbox 1140 437 1247 472; x_wconf 87' lang='lat' dir='ltr'>Publ.</span> <span class='ocrx_word' id='word_1_38' title='bbox 1273 442 1407 482; x_wconf 80' lang='lat' dir='ltr'>recept.</span> <span class='ocrx_word' id='word_1_39' title='bbox 1435 438 1514 474; x_wconf 68' lang='lat'>348.</span> <span class='ocrx_word' id='word_1_40' title='bbox 1540 438 1598 473; x_wconf 83' lang='lat' dir='ltr'>Ri.</span> <span class='ocrx_word' id='word_1_41' title='bbox 1612 450 1644 473; x_wconf 94' lang='lat' dir='ltr'>V.</span> <span class='ocrx_word' id='word_1_42' title='bbox 1665 437 1718 473; x_wconf 84' lang='lat'>16.</span> 
     </span>
     <span class='ocr_line' id='line_1_6' title="bbox 199 485 1321 531; baseline 0 -12"><span class='ocrx_word' id='word_1_43' title='bbox 199 486 252 520; x_wconf 86' lang='lat'>17.</span> <span class='ocrx_word' id='word_1_44' title='bbox 281 485 392 520; x_wconf 80' lang='lat' dir='ltr'>Nulla</span> <span class='ocrx_word' id='word_1_45' title='bbox 417 488 551 531; x_wconf 84' lang='lat' dir='ltr'>pusilla</span> <span class='ocrx_word' id='word_1_46' title='bbox 577 487 715 527; x_wconf 79' lang='lat' dir='ltr'>domus,</span> <span class='ocrx_word' id='word_1_47' title='bbox 743 498 833 530; x_wconf 86' lang='lat' dir='ltr'>quae</span> <span class='ocrx_word' id='word_1_48' title='bbox 858 486 992 520; x_wconf 84' lang='lat' dir='ltr'>multos</span> <span class='ocrx_word' id='word_1_49' title='bbox 1019 486 1150 530; x_wconf 84' lang='lat' dir='ltr'>recipit</span> <span class='ocrx_word' id='word_1_50' title='bbox 1176 486 1321 520; x_wconf 81' lang='lat' dir='ltr'>amicos.</span> 
     </span>
     <span class='ocr_line' id='line_1_7' title="bbox 274 532 1249 578; baseline 0.001 -12"><span class='ocrx_word' id='word_1_51' title='bbox 274 532 519 570; x_wconf 88' lang='lat' dir='ltr'>Pseudo-Sen.</span> <span class='ocrx_word' id='word_1_52' title='bbox 547 535 591 569; x_wconf 90' lang='lat' dir='ltr'>de</span> <span class='ocrx_word' id='word_1_53' title='bbox 615 545 706 568; x_wconf 90' lang='lat' dir='ltr'>mor.</span> <span class='ocrx_word' id='word_1_54' title='bbox 736 534 800 569; x_wconf 87' lang='lat'>135</span> <span class='ocrx_word' id='word_1_55' title='bbox 827 534 841 578; x_wconf 80' lang='grc'>(</span> <span class='ocrx_word' id='word_1_56' title='bbox 846 534 911 569; x_wconf 86' lang='grc'>136</span> <span class='ocrx_word' id='word_1_57' title='bbox 936 532 1022 575; x_wconf 64' lang='lat' dir='ltr'>Ha).</span> <span class='ocrx_word' id='word_1_58' title='bbox 1049 532 1108 568; x_wconf 89' lang='lat' dir='ltr'>Ri.</span> <span class='ocrx_word' id='word_1_59' title='bbox 1135 544 1167 567; x_wconf 87' lang='lat' dir='ltr'>V.</span> <span class='ocrx_word' id='word_1_60' title='bbox 1196 534 1249 567; x_wconf 88' lang='grc'>17.</span> 
     </span>
     <span class='ocr_line' id='line_1_8' title="bbox 197 579 1275 624; baseline 0.001 -10"><span class='ocrx_word' id='word_1_61' title='bbox 197 579 252 615; x_wconf 78' lang='grc'>18.</span> <span class='ocrx_word' id='word_1_62' title='bbox 278 579 474 624; x_wconf 84' lang='lat' dir='ltr'><strong>Nunquam</strong></span> <span class='ocrx_word' id='word_1_63' title='bbox 500 582 595 616; x_wconf 89' lang='lat' dir='ltr'>enim</span> <span class='ocrx_word' id='word_1_64' title='bbox 622 581 737 615; x_wconf 89' lang='lat' dir='ltr'>scelus</span> <span class='ocrx_word' id='word_1_65' title='bbox 763 581 899 615; x_wconf 90' lang='lat' dir='ltr'>scelere</span> <span class='ocrx_word' id='word_1_66' title='bbox 925 579 1185 614; x_wconf 88' lang='lat' dir='ltr'>vindicandum</span> <span class='ocrx_word' id='word_1_67' title='bbox 1211 584 1275 615; x_wconf 86' lang='lat' dir='ltr'>est.</span> 
     </span>
     <span class='ocr_line' id='line_1_9' title="bbox 279 627 1046 664; baseline 0.001 -3"><span class='ocrx_word' id='word_1_68' title='bbox 279 627 528 664; x_wconf 80' lang='lat' dir='ltr'>Pseudo-Seu.</span> <span class='ocrx_word' id='word_1_69' title='bbox 556 629 600 663; x_wconf 88' lang='lat' dir='ltr'>de</span> <span class='ocrx_word' id='word_1_70' title='bbox 626 640 715 662; x_wconf 91' lang='lat' dir='ltr'>mor.</span> <span class='ocrx_word' id='word_1_71' title='bbox 745 629 821 663; x_wconf 87' lang='lat'>139.</span> <span class='ocrx_word' id='word_1_72' title='bbox 847 627 905 663; x_wconf 82' lang='lat' dir='ltr'>Ri.</span> <span class='ocrx_word' id='word_1_73' title='bbox 932 640 965 663; x_wconf 90' lang='lat' dir='ltr'>V.</span> <span class='ocrx_word' id='word_1_74' title='bbox 994 628 1046 663; x_wconf 77' lang='lat'>18.</span> 
     </span>
     <span class='ocr_line' id='line_1_10' title="bbox 200 674 821 720; baseline 0 -11"><span class='ocrx_word' id='word_1_75' title='bbox 200 674 250 710; x_wconf 87' lang='lat'>19.</span> <span class='ocrx_word' id='word_1_76' title='bbox 280 674 396 709; x_wconf 85' lang='lat' dir='ltr'>Omne</span> <span class='ocrx_word' id='word_1_77' title='bbox 421 680 611 720; x_wconf 85' lang='lat' dir='ltr'>peccatum</span> <span class='ocrx_word' id='word_1_78' title='bbox 637 676 731 710; x_wconf 89' lang='lat' dir='ltr'>actio</span> <span class='ocrx_word' id='word_1_79' title='bbox 757 680 821 710; x_wconf 89' lang='lat' dir='ltr'>est.</span> 
     </span>
     <span class='ocr_line' id='line_1_11' title="bbox 196 721 1563 766; baseline -0.001 -9"><span class='ocrx_word' id='word_1_80' title='bbox 196 722 252 757; x_wconf 85' lang='lat'>20.</span> <span class='ocrx_word' id='word_1_81' title='bbox 279 722 405 757; x_wconf 90' lang='lat' dir='ltr'>Omnis</span> <span class='ocrx_word' id='word_1_82' title='bbox 432 730 553 758; x_wconf 86' lang='lat' dir='ltr'>autem</span> <span class='ocrx_word' id='word_1_83' title='bbox 579 723 673 757; x_wconf 86' lang='lat' dir='ltr'>actio</span> <span class='ocrx_word' id='word_1_84' title='bbox 699 723 904 757; x_wconf 85' lang='lat' dir='ltr'>voluntaria</span> <span class='ocrx_word' id='word_1_85' title='bbox 931 726 986 756; x_wconf 87' lang='lat' dir='ltr'>est</span> <span class='ocrx_word' id='word_1_86' title='bbox 1011 726 1088 756; x_wconf 91' lang='lat' dir='ltr'>tam</span> <span class='ocrx_word' id='word_1_87' title='bbox 1112 721 1276 763; x_wconf 83' lang='lat' dir='ltr'>honesta,</span> <span class='ocrx_word' id='word_1_88' title='bbox 1305 733 1411 766; x_wconf 87' lang='lat' dir='ltr'>quam</span> <span class='ocrx_word' id='word_1_89' title='bbox 1436 723 1563 766; x_wconf 87' lang='lat' dir='ltr'>turpis.</span> 
     </span>
     <span class='ocr_line' id='line_1_12' title="bbox 197 768 1090 816; baseline 0.001 -13"><span class='ocrx_word' id='word_1_90' title='bbox 197 769 253 804; x_wconf 89' lang='lat'>21.</span> <span class='ocrx_word' id='word_1_91' title='bbox 281 768 397 803; x_wconf 88' lang='lat' dir='ltr'>Omne</span> <span class='ocrx_word' id='word_1_92' title='bbox 424 781 511 816; x_wconf 86' lang='lat' dir='ltr'>ergo</span> <span class='ocrx_word' id='word_1_93' title='bbox 536 774 728 814; x_wconf 86' lang='lat' dir='ltr'>peccatum</span> <span class='ocrx_word' id='word_1_94' title='bbox 753 770 999 804; x_wconf 87' lang='lat' dir='ltr'>voluntarium</span> <span class='ocrx_word' id='word_1_95' title='bbox 1025 775 1090 804; x_wconf 90' lang='lat' dir='ltr'>est.</span> 
     </span>
     <span class='ocr_line' id='line_1_13' title="bbox 198 816 1186 861; baseline 0.001 -10"><span class='ocrx_word' id='word_1_96' title='bbox 198 817 253 851; x_wconf 84' lang='lat'>22.</span> <span class='ocrx_word' id='word_1_97' title='bbox 282 816 420 851; x_wconf 81' lang='lat' dir='ltr'>Omitte</span> <span class='ocrx_word' id='word_1_98' title='bbox 445 818 726 858; x_wconf 80' lang='lat' dir='ltr'>excusationem,</span> <span class='ocrx_word' id='word_1_99' title='bbox 753 828 860 852; x_wconf 89' lang='lat' dir='ltr'>nemo</span> <span class='ocrx_word' id='word_1_100' title='bbox 885 820 1015 861; x_wconf 85' lang='lat' dir='ltr'>peccat</span> <span class='ocrx_word' id='word_1_101' title='bbox 1039 817 1186 852; x_wconf 88' lang='lat' dir='ltr'>invitus.</span> 
     </span>
     <span class='ocr_line' id='line_1_14' title="bbox 279 863 1000 900; baseline 0.001 -2"><span class='ocrx_word' id='word_1_102' title='bbox 279 863 525 899; x_wconf 79' lang='lat' dir='ltr'>Pseudo-Seu.</span> <span class='ocrx_word' id='word_1_103' title='bbox 553 865 597 898; x_wconf 87' lang='lat' dir='ltr'>de</span> <span class='ocrx_word' id='word_1_104' title='bbox 623 875 714 898; x_wconf 89' lang='lat' dir='ltr'>mor.</span> <span class='ocrx_word' id='word_1_105' title='bbox 745 866 774 900; x_wconf 89' lang='lat'>1.</span> <span class='ocrx_word' id='word_1_106' title='bbox 800 863 858 898; x_wconf 84' lang='lat' dir='ltr'>Ri.</span> <span class='ocrx_word' id='word_1_107' title='bbox 885 876 918 900; x_wconf 81' lang='lat' dir='ltr'>v.</span> <span class='ocrx_word' id='word_1_108' title='bbox 949 865 1000 899; x_wconf 91' lang='lat'>19.</span> 
     </span>
     <span class='ocr_line' id='line_1_15' title="bbox 196 910 1449 952; baseline -0.001 -7"><span class='ocrx_word' id='word_1_109' title='bbox 196 911 252 946; x_wconf 90' lang='lat'>23.</span> <span class='ocrx_word' id='word_1_110' title='bbox 280 910 373 945; x_wconf 88' lang='lat' dir='ltr'>Odia</span> <span class='ocrx_word' id='word_1_111' title='bbox 396 911 595 945; x_wconf 88' lang='lat' dir='ltr'>multorum</span> <span class='ocrx_word' id='word_1_112' title='bbox 621 912 687 945; x_wconf 88' lang='lat' dir='ltr'>sub</span> <span class='ocrx_word' id='word_1_113' title='bbox 713 913 825 952; x_wconf 76' lang='lat' dir='ltr'>vultu⁷</span> <span class='ocrx_word' id='word_1_114' title='bbox 852 911 1052 945; x_wconf 88' lang='lat' dir='ltr'>multorum</span> <span class='ocrx_word' id='word_1_115' title='bbox 1079 911 1145 945; x_wconf 89' lang='lat' dir='ltr'>sub</span> <span class='ocrx_word' id='word_1_116' title='bbox 1172 910 1295 945; x_wconf 91' lang='lat' dir='ltr'>osculo</span> <span class='ocrx_word' id='word_1_117' title='bbox 1321 911 1449 944; x_wconf 87' lang='lat' dir='ltr'>latent.</span> 
     </span>
     <span class='ocr_line' id='line_1_16' title="bbox 174 912 1670 1003; baseline 0 -11"><span class='ocrx_word' id='word_1_118' title='bbox 174 912 250 1001; x_wconf 61' lang='lat'>{24</span> <span class='ocrx_word' id='word_1_119' title='bbox 280 958 411 992; x_wconf 86' lang='lat' dir='ltr'>Omnia</span> <span class='ocrx_word' id='word_1_120' title='bbox 435 963 559 992; x_wconf 89' lang='lat' dir='ltr'>tamen</span> <span class='ocrx_word' id='word_1_121' title='bbox 583 959 799 1003; x_wconf 86' lang='lat' dir='ltr'>pandentur.</span> <span class='ocrx_word' id='word_1_122' title='bbox 826 970 901 993; x_wconf 90' lang='lat' dir='ltr'>non</span> <span class='ocrx_word' id='word_1_123' title='bbox 926 958 1007 993; x_wconf 88' lang='lat' dir='ltr'>dico</span> <span class='ocrx_word' id='word_1_124' title='bbox 1033 959 1063 993; x_wconf 87' lang='lat' dir='ltr'>si</span> <span class='ocrx_word' id='word_1_125' title='bbox 1088 958 1273 999; x_wconf 76' lang='lat' dir='ltr'>cecideris,</span> <span class='ocrx_word' id='word_1_126' title='bbox 1302 958 1366 992; x_wconf 86' lang='lat' dir='ltr'>sed</span> <span class='ocrx_word' id='word_1_127' title='bbox 1391 959 1420 992; x_wconf 89' lang='lat' dir='ltr'>si</span> <span class='ocrx_word' id='word_1_128' title='bbox 1444 958 1670 993; x_wconf 81' lang='lat' dir='ltr'>titubaveris.</span> 
     </span>
     <span class='ocr_line' id='line_1_17' title="bbox 277 1004 1083 1050; baseline 0.002 -12"><span class='ocrx_word' id='word_1_129' title='bbox 277 1004 384 1040; x_wconf 88' lang='lat' dir='ltr'>Vinc.</span> <span class='ocrx_word' id='word_1_130' title='bbox 409 1005 548 1041; x_wconf 83' lang='lat' dir='ltr'>Bellov.</span> <span class='ocrx_word' id='word_1_131' title='bbox 576 1018 628 1050; x_wconf 88' lang='lat' dir='ltr'>sp.</span> <span class='ocrx_word' id='word_1_132' title='bbox 656 1006 690 1040; x_wconf 91' lang='lat' dir='ltr'>d.</span> <span class='ocrx_word' id='word_1_133' title='bbox 716 1007 748 1046; x_wconf 69' lang='lat'>4,</span> <span class='ocrx_word' id='word_1_134' title='bbox 778 1007 854 1042; x_wconf 89' lang='lat'>135.</span> <span class='ocrx_word' id='word_1_135' title='bbox 884 1005 944 1040; x_wconf 84' lang='lat' dir='ltr'>Ri.</span> <span class='ocrx_word' id='word_1_136' title='bbox 970 1018 1002 1041; x_wconf 82' lang='lat' dir='ltr'>V.</span> <span class='ocrx_word' id='word_1_137' title='bbox 1029 1007 1083 1041; x_wconf 82' lang='grc'>23.</span> 
     </span>
     <span class='ocr_line' id='line_1_18' title="bbox 193 1051 1717 1097; baseline 0 -10"><span class='ocrx_word' id='word_1_138' title='bbox 193 1052 248 1087; x_wconf 91' lang='lat'>25.</span> <span class='ocrx_word' id='word_1_139' title='bbox 276 1051 400 1087; x_wconf 86' lang='lat' dir='ltr'>Omnis</span> <span class='ocrx_word' id='word_1_140' title='bbox 436 1052 586 1087; x_wconf 85' lang='lat' dir='ltr'>affectus</span> <span class='ocrx_word' id='word_1_141' title='bbox 612 1053 679 1088; x_wconf 90' lang='lat' dir='ltr'>hoc</span> <span class='ocrx_word' id='word_1_142' title='bbox 711 1054 833 1094; x_wconf 87' lang='lat' dir='ltr'>habet,</span> <span class='ocrx_word' id='word_1_143' title='bbox 867 1058 907 1087; x_wconf 90' lang='lat' dir='ltr'>ut</span> <span class='ocrx_word' id='word_1_144' title='bbox 941 1054 978 1087; x_wconf 92' lang='lat' dir='ltr'>in</span> <span class='ocrx_word' id='word_1_145' title='bbox 1011 1053 1107 1097; x_wconf 81' lang='lat' dir='ltr'>quod</span> <span class='ocrx_word' id='word_1_146' title='bbox 1138 1053 1216 1097; x_wconf 87' lang='lat' dir='ltr'>ipse</span> <span class='ocrx_word' id='word_1_147' title='bbox 1241 1053 1387 1095; x_wconf 82' lang='lat' dir='ltr'>insanit,</span> <span class='ocrx_word' id='word_1_148' title='bbox 1422 1058 1563 1087; x_wconf 90' lang='lat' dir='ltr'>ceteros</span> <span class='ocrx_word' id='word_1_149' title='bbox 1597 1053 1717 1088; x_wconf 87' lang='lat' dir='ltr'>furere</span> 
     </span>
     <span class='ocr_line' id='line_1_19' title="bbox 311 1104 425 1144; baseline 0.018 -12"><span class='ocrx_word' id='word_1_150' title='bbox 311 1104 425 1144; x_wconf 90' lang='lat' dir='ltr'>putet.</span> 
     </span>
     <span class='ocr_line' id='line_1_20' title="bbox 277 1146 1013 1183; baseline 0.001 -2"><span class='ocrx_word' id='word_1_151' title='bbox 277 1146 524 1182; x_wconf 80' lang='lat' dir='ltr'>Pseudo-Seu.</span> <span class='ocrx_word' id='word_1_152' title='bbox 551 1148 595 1182; x_wconf 89' lang='lat' dir='ltr'>de</span> <span class='ocrx_word' id='word_1_153' title='bbox 620 1160 709 1183; x_wconf 91' lang='lat' dir='ltr'>mor.</span> <span class='ocrx_word' id='word_1_154' title='bbox 738 1149 792 1183; x_wconf 82' lang='lat'>35.</span> <span class='ocrx_word' id='word_1_155' title='bbox 818 1148 877 1183; x_wconf 85' lang='lat' dir='ltr'>Ri.</span> <span class='ocrx_word' id='word_1_156' title='bbox 897 1159 930 1183; x_wconf 90' lang='lat' dir='ltr'>V.</span> <span class='ocrx_word' id='word_1_157' title='bbox 958 1148 1013 1183; x_wconf 86' lang='lat'>25.</span> 
     </span>
     <span class='ocr_line' id='line_1_21' title="bbox 193 1193 1426 1239; baseline 0.001 -11"><span class='ocrx_word' id='word_1_158' title='bbox 193 1194 249 1229; x_wconf 88' lang='lat'>26.</span> <span class='ocrx_word' id='word_1_159' title='bbox 278 1193 411 1229; x_wconf 87' lang='lat' dir='ltr'>Omnes</span> <span class='ocrx_word' id='word_1_160' title='bbox 439 1196 536 1228; x_wconf 88' lang='lat' dir='ltr'>enim</span> <span class='ocrx_word' id='word_1_161' title='bbox 561 1196 676 1229; x_wconf 76' lang='lat' dir='ltr'>Vitam</span> <span class='ocrx_word' id='word_1_162' title='bbox 703 1195 912 1230; x_wconf 83' lang='lat' dir='ltr'>differentes</span> <span class='ocrx_word' id='word_1_163' title='bbox 937 1207 1035 1229; x_wconf 93' lang='lat' dir='ltr'>mors</span> <span class='ocrx_word' id='word_1_164' title='bbox 1060 1195 1200 1229; x_wconf 88' lang='lat' dir='ltr'>incerta</span> <span class='ocrx_word' id='word_1_165' title='bbox 1226 1196 1426 1239; x_wconf 82' lang='lat' dir='ltr'>praevenit.</span> 
     </span>
     <span class='ocr_line' id='line_1_22' title="bbox 274 1240 1717 1287; baseline 0.003 -12"><span class='ocrx_word' id='word_1_166' title='bbox 274 1240 521 1277; x_wconf 79' lang='lat' dir='ltr'>Pseudo-sen.</span> <span class='ocrx_word' id='word_1_167' title='bbox 542 1242 586 1276; x_wconf 89' lang='lat' dir='ltr'>de</span> <span class='ocrx_word' id='word_1_168' title='bbox 603 1254 694 1277; x_wconf 89' lang='lat' dir='ltr'>mor.</span> <span class='ocrx_word' id='word_1_169' title='bbox 718 1243 789 1277; x_wconf 68' lang='lat' dir='ltr'>loa.</span> <span class='ocrx_word' id='word_1_170' title='bbox 811 1242 913 1278; x_wconf 88' lang='lat' dir='ltr'>Sent.</span> <span class='ocrx_word' id='word_1_171' title='bbox 932 1242 1026 1276; x_wconf 86' lang='lat' dir='ltr'>falso</span> <span class='ocrx_word' id='word_1_172' title='bbox 1043 1243 1140 1276; x_wconf 89' lang='lat' dir='ltr'>inter</span> <span class='ocrx_word' id='word_1_173' title='bbox 1156 1241 1261 1277; x_wconf 89' lang='lat' dir='ltr'>Publ.</span> <span class='ocrx_word' id='word_1_174' title='bbox 1280 1248 1416 1287; x_wconf 86' lang='lat' dir='ltr'>recept.</span> <span class='ocrx_word' id='word_1_175' title='bbox 1436 1243 1515 1278; x_wconf 88' lang='lat'>257.</span> <span class='ocrx_word' id='word_1_176' title='bbox 1533 1242 1593 1277; x_wconf 84' lang='lat' dir='ltr'>Ri.</span> <span class='ocrx_word' id='word_1_177' title='bbox 1612 1255 1645 1279; x_wconf 91' lang='lat' dir='ltr'>V.</span> <span class='ocrx_word' id='word_1_178' title='bbox 1662 1243 1717 1279; x_wconf 84' lang='lat'>26.</span> 
     </span>
     <span class='ocr_line' id='line_1_23' title="bbox 193 1287 1293 1333; baseline 0.001 -11"><span class='ocrx_word' id='word_1_179' title='bbox 193 1288 250 1322; x_wconf 84' lang='lat'>27.</span> <span class='ocrx_word' id='word_1_180' title='bbox 278 1287 404 1322; x_wconf 87' lang='lat' dir='ltr'>Omnis</span> <span class='ocrx_word' id='word_1_181' title='bbox 430 1290 552 1333; x_wconf 86' lang='lat' dir='ltr'>itaque</span> <span class='ocrx_word' id='word_1_182' title='bbox 578 1290 655 1324; x_wconf 84' lang='lat' dir='ltr'>dies</span> <span class='ocrx_word' id='word_1_183' title='bbox 680 1290 779 1324; x_wconf 87' lang='lat' dir='ltr'>velut</span> <span class='ocrx_word' id='word_1_184' title='bbox 804 1290 952 1324; x_wconf 86' lang='lat' dir='ltr'>ultimus</span> <span class='ocrx_word' id='word_1_185' title='bbox 977 1289 1201 1324; x_wconf 88' lang='lat' dir='ltr'>ordinandus</span> <span class='ocrx_word' id='word_1_186' title='bbox 1229 1296 1293 1323; x_wconf 88' lang='lat' dir='ltr'>est.</span> 
     </span>
     <span class='ocr_line' id='line_1_24' title="bbox 275 1334 1716 1381; baseline 0.003 -12"><span class='ocrx_word' id='word_1_187' title='bbox 275 1334 521 1370; x_wconf 78' lang='lat' dir='ltr'>Pseudo-Seu.</span> <span class='ocrx_word' id='word_1_188' title='bbox 543 1337 587 1370; x_wconf 90' lang='lat' dir='ltr'>de</span> <span class='ocrx_word' id='word_1_189' title='bbox 604 1349 693 1371; x_wconf 91' lang='lat' dir='ltr'>mor.</span> <span class='ocrx_word' id='word_1_190' title='bbox 717 1338 790 1373; x_wconf 52' lang='lat'>1⁴2¹).</span> <span class='ocrx_word' id='word_1_191' title='bbox 818 1336 916 1372; x_wconf 88' lang='lat' dir='ltr'>Sent.</span> <span class='ocrx_word' id='word_1_192' title='bbox 935 1336 1026 1371; x_wconf 90' lang='lat' dir='ltr'>falso</span> <span class='ocrx_word' id='word_1_193' title='bbox 1044 1337 1142 1371; x_wconf 89' lang='lat' dir='ltr'>inter</span> <span class='ocrx_word' id='word_1_194' title='bbox 1154 1336 1261 1372; x_wconf 89' lang='lat' dir='ltr'>Publ.</span> <span class='ocrx_word' id='word_1_195' title='bbox 1287 1341 1423 1381; x_wconf 89' lang='lat' dir='ltr'>recept.</span> <span class='ocrx_word' id='word_1_196' title='bbox 1442 1337 1520 1372; x_wconf 83' lang='lat'>261.</span> <span class='ocrx_word' id='word_1_197' title='bbox 1535 1337 1593 1371; x_wconf 86' lang='lat' dir='ltr'>Ri.</span> <span class='ocrx_word' id='word_1_198' title='bbox 1608 1349 1640 1373; x_wconf 91' lang='lat' dir='ltr'>V.</span> <span class='ocrx_word' id='word_1_199' title='bbox 1661 1337 1716 1373; x_wconf 83' lang='lat'>27.</span> 
     </span>
     <span class='ocr_line' id='line_1_25' title="bbox 193 1382 1457 1428; baseline 0.001 -11"><span class='ocrx_word' id='word_1_200' title='bbox 193 1382 248 1417; x_wconf 87' lang='grc'>28.</span> <span class='ocrx_word' id='word_1_201' title='bbox 277 1382 468 1417; x_wconf 85' lang='lat' dir='ltr'>Oratorem</span> <span class='ocrx_word' id='word_1_202' title='bbox 494 1388 530 1418; x_wconf 91' lang='lat' dir='ltr'>te</span> <span class='ocrx_word' id='word_1_203' title='bbox 555 1388 655 1428; x_wconf 73' lang='lat' dir='ltr'>puta,</span> <span class='ocrx_word' id='word_1_204' title='bbox 685 1385 713 1418; x_wconf 91' lang='lat' dir='ltr'>si</span> <span class='ocrx_word' id='word_1_205' title='bbox 738 1384 808 1418; x_wconf 88' lang='lat' dir='ltr'>tibi</span> <span class='ocrx_word' id='word_1_206' title='bbox 833 1384 905 1428; x_wconf 88' lang='lat' dir='ltr'>ipsi</span> <span class='ocrx_word' id='word_1_207' title='bbox 931 1384 1028 1428; x_wconf 88' lang='lat' dir='ltr'>quod</span> <span class='ocrx_word' id='word_1_208' title='bbox 1055 1388 1198 1428; x_wconf 86' lang='lat' dir='ltr'>oportet</span> <span class='ocrx_word' id='word_1_209' title='bbox 1224 1385 1457 1428; x_wconf 84' lang='lat' dir='ltr'>persuaseris.</span> 
     </span>
     <span class='ocr_line' id='line_1_26' title="bbox 277 1428 1024 1467; baseline 0.003 -4"><span class='ocrx_word' id='word_1_210' title='bbox 277 1428 525 1465; x_wconf 80' lang='lat' dir='ltr'>Pseudo-Seu.</span> <span class='ocrx_word' id='word_1_211' title='bbox 554 1431 599 1466; x_wconf 91' lang='lat' dir='ltr'>de</span> <span class='ocrx_word' id='word_1_212' title='bbox 625 1444 714 1466; x_wconf 87' lang='lat' dir='ltr'>mor.</span> <span class='ocrx_word' id='word_1_213' title='bbox 744 1432 798 1466; x_wconf 68' lang='lat'>14.</span> <span class='ocrx_word' id='word_1_214' title='bbox 823 1431 882 1466; x_wconf 80' lang='lat' dir='ltr'>Ri.</span> <span class='ocrx_word' id='word_1_215' title='bbox 909 1443 941 1465; x_wconf 87' lang='lat' dir='ltr'>V.</span> <span class='ocrx_word' id='word_1_216' title='bbox 969 1432 1024 1467; x_wconf 68' lang='grc'>28.</span> 
     </span>
     <span class='ocr_line' id='line_1_27' title="bbox 193 1476 1714 1523; baseline 0.001 -11"><span class='ocrx_word' id='word_1_217' title='bbox 193 1476 249 1512; x_wconf 89' lang='grc'>29.</span> <span class='ocrx_word' id='word_1_218' title='bbox 277 1476 483 1521; x_wconf 87' lang='lat' dir='ltr'>Opinantur</span> <span class='ocrx_word' id='word_1_219' title='bbox 509 1479 553 1513; x_wconf 89' lang='lat' dir='ltr'>de</span> <span class='ocrx_word' id='word_1_220' title='bbox 578 1484 614 1513; x_wconf 92' lang='lat' dir='ltr'>te</span> <span class='ocrx_word' id='word_1_221' title='bbox 640 1479 804 1513; x_wconf 87' lang='lat' dir='ltr'>homines</span> <span class='ocrx_word' id='word_1_222' title='bbox 830 1479 943 1513; x_wconf 88' lang='lat' dir='ltr'>male:</span> <span class='ocrx_word' id='word_1_223' title='bbox 971 1478 1164 1523; x_wconf 85' lang='lat' dir='ltr'>displicere</span> <span class='ocrx_word' id='word_1_224' title='bbox 1191 1479 1286 1513; x_wconf 89' lang='lat' dir='ltr'>enim</span> <span class='ocrx_word' id='word_1_225' title='bbox 1310 1479 1416 1513; x_wconf 81' lang='lat' dir='ltr'>malis</span> <span class='ocrx_word' id='word_1_226' title='bbox 1441 1478 1624 1513; x_wconf 77' lang='lat' dir='ltr'>laudabile</span> <span class='ocrx_word' id='word_1_227' title='bbox 1650 1483 1714 1514; x_wconf 86' lang='lat' dir='ltr'>est.</span> 
     </span>
     <span class='ocr_line' id='line_1_28' title="bbox 277 1523 1716 1570; baseline 0.001 -12"><span class='ocrx_word' id='word_1_228' title='bbox 277 1523 527 1561; x_wconf 78' lang='lat' dir='ltr'>Pseudo-Seu.</span> <span class='ocrx_word' id='word_1_229' title='bbox 548 1526 591 1560; x_wconf 88' lang='lat' dir='ltr'>de</span> <span class='ocrx_word' id='word_1_230' title='bbox 617 1538 709 1561; x_wconf 88' lang='lat' dir='ltr'>mor.</span> <span class='ocrx_word' id='word_1_231' title='bbox 735 1527 790 1561; x_wconf 72' lang='lat'>4⁴¹.</span> <span class='ocrx_word' id='word_1_232' title='bbox 820 1525 919 1561; x_wconf 87' lang='lat' dir='ltr'>Sent.</span> <span class='ocrx_word' id='word_1_233' title='bbox 947 1525 1039 1560; x_wconf 84' lang='lat' dir='ltr'>falso</span> <span class='ocrx_word' id='word_1_234' title='bbox 1064 1526 1161 1559; x_wconf 88' lang='lat' dir='ltr'>inter</span> <span class='ocrx_word' id='word_1_235' title='bbox 1177 1525 1282 1560; x_wconf 92' lang='lat' dir='ltr'>Publ.</span> <span class='ocrx_word' id='word_1_236' title='bbox 1302 1531 1438 1570; x_wconf 87' lang='lat' dir='ltr'>recept.</span> <span class='ocrx_word' id='word_1_237' title='bbox 1457 1526 1511 1562; x_wconf 87' lang='lat'>39.</span> <span class='ocrx_word' id='word_1_238' title='bbox 1530 1526 1589 1562; x_wconf 90' lang='lat' dir='ltr'>Ri.</span> <span class='ocrx_word' id='word_1_239' title='bbox 1607 1538 1641 1562; x_wconf 92' lang='lat' dir='ltr'>V.</span> <span class='ocrx_word' id='word_1_240' title='bbox 1659 1527 1716 1562; x_wconf 89' lang='lat'>29.</span> 
     </span>
     <span class='ocr_line' id='line_1_29' title="bbox 193 1570 1280 1618; baseline 0.003 -12"><span class='ocrx_word' id='word_1_241' title='bbox 193 1571 248 1606; x_wconf 89' lang='lat'>30.</span> <span class='ocrx_word' id='word_1_242' title='bbox 276 1570 530 1616; x_wconf 79' lang='lat' dir='ltr'>Obiurgationi</span> <span class='ocrx_word' id='word_1_243' title='bbox 555 1584 699 1618; x_wconf 85' lang='lat' dir='ltr'>semper</span> <span class='ocrx_word' id='word_1_244' title='bbox 724 1574 922 1608; x_wconf 79' lang='lat' dir='ltr'>blanditiae</span> <span class='ocrx_word' id='word_1_245' title='bbox 949 1573 1085 1617; x_wconf 88' lang='lat' dir='ltr'>aliquid</span> <span class='ocrx_word' id='word_1_246' title='bbox 1111 1573 1280 1609; x_wconf 87' lang='lat' dir='ltr'>admisce.</span> 
     </span>
     <span class='ocr_line' id='line_1_30' title="bbox 273 1618 1049 1656; baseline 0.004 -4"><span class='ocrx_word' id='word_1_247' title='bbox 273 1618 525 1654; x_wconf 80' lang='lat' dir='ltr'>Pseudo-Seu.</span> <span class='ocrx_word' id='word_1_248' title='bbox 555 1621 599 1654; x_wconf 91' lang='lat' dir='ltr'>de</span> <span class='ocrx_word' id='word_1_249' title='bbox 625 1632 714 1656; x_wconf 90' lang='lat' dir='ltr'>mor.</span> <span class='ocrx_word' id='word_1_250' title='bbox 746 1622 822 1656; x_wconf 75' lang='lat'>129.</span> <span class='ocrx_word' id='word_1_251' title='bbox 848 1620 906 1656; x_wconf 85' lang='lat' dir='ltr'>Ri.</span> <span class='ocrx_word' id='word_1_252' title='bbox 934 1633 966 1655; x_wconf 81' lang='lat' dir='ltr'>V.</span> <span class='ocrx_word' id='word_1_253' title='bbox 995 1622 1049 1655; x_wconf 67' lang='lat'>3⁴1⁸.</span> 
     </span>
     <span class='ocr_line' id='line_1_31' title="bbox 191 1664 1199 1712; baseline 0.002 -13"><span class='ocrx_word' id='word_1_254' title='bbox 191 1665 247 1700; x_wconf 90' lang='grc'>31.</span> <span class='ocrx_word' id='word_1_255' title='bbox 274 1664 407 1700; x_wconf 85' lang='lat' dir='ltr'>Odium</span> <span class='ocrx_word' id='word_1_256' title='bbox 434 1672 579 1711; x_wconf 82' lang='lat' dir='ltr'>oportet</span> <span class='ocrx_word' id='word_1_257' title='bbox 603 1668 790 1712; x_wconf 84' lang='lat' dir='ltr'>peccandi.</span> <span class='ocrx_word' id='word_1_258' title='bbox 816 1679 889 1702; x_wconf 90' lang='lat' dir='ltr'>non</span> <span class='ocrx_word' id='word_1_259' title='bbox 913 1672 1049 1702; x_wconf 88' lang='lat' dir='ltr'>metum</span> <span class='ocrx_word' id='word_1_260' title='bbox 1074 1667 1199 1703; x_wconf 87' lang='lat' dir='ltr'>facias.</span> 
     </span>
     <span class='ocr_line' id='line_1_32' title="bbox 280 1712 1713 1760; baseline 0.002 -13"><span class='ocrx_word' id='word_1_261' title='bbox 280 1712 386 1748; x_wconf 92' lang='lat' dir='ltr'>Vinc.</span> <span class='ocrx_word' id='word_1_262' title='bbox 413 1713 555 1748; x_wconf 86' lang='lat' dir='ltr'>Bellov.</span> <span class='ocrx_word' id='word_1_263' title='bbox 589 1726 641 1759; x_wconf 89' lang='lat' dir='ltr'>sp.</span> <span class='ocrx_word' id='word_1_264' title='bbox 669 1716 702 1750; x_wconf 83' lang='lat' dir='ltr'>d.</span> <span class='ocrx_word' id='word_1_265' title='bbox 738 1717 769 1757; x_wconf 73' lang='lat'>4.</span> <span class='ocrx_word' id='word_1_266' title='bbox 800 1716 875 1750; x_wconf 71' lang='lat'>106.</span> <span class='ocrx_word' id='word_1_267' title='bbox 910 1714 968 1750; x_wconf 81' lang='lat' dir='ltr'>Ri.</span> <span class='ocrx_word' id='word_1_268' title='bbox 996 1727 1028 1750; x_wconf 93' lang='lat' dir='ltr'>V.</span> <span class='ocrx_word' id='word_1_269' title='bbox 1057 1716 1112 1750; x_wconf 84' lang='lat'>31.</span> <span class='ocrx_word' id='word_1_270' title='bbox 1152 1714 1251 1749; x_wconf 81' lang='lat' dir='ltr'>&#39;Odjo</span> <span class='ocrx_word' id='word_1_271' title='bbox 1284 1718 1429 1759; x_wconf 86' lang='lat' dir='ltr'>oportet</span> <span class='ocrx_word' id='word_1_272' title='bbox 1454 1717 1494 1749; x_wconf 77' lang='lat' dir='ltr'>sit</span> <span class='ocrx_word' id='word_1_273' title='bbox 1527 1715 1713 1760; x_wconf 88' lang='lat' dir='ltr'>peccandi,</span> 
     </span>
     <span class='ocr_line' id='line_1_33' title="bbox 307 1761 810 1796; baseline 0.004 -2"><span class='ocrx_word' id='word_1_274' title='bbox 307 1762 380 1794; x_wconf 80' lang='grc'>11011</span> <span class='ocrx_word' id='word_1_275' title='bbox 405 1765 504 1795; x_wconf 87' lang='lat' dir='ltr'>metu</span> <span class='ocrx_word' id='word_1_276' title='bbox 529 1761 640 1796; x_wconf 77' lang='lat' dir='ltr'>facias</span> <span class='ocrx_word' id='word_1_277' title='bbox 666 1762 810 1796; x_wconf 88' lang='lat' dir='ltr'>bonum.</span> 
     </span>
     <span class='ocr_line' id='line_1_34' title="bbox 191 1806 1620 1854; baseline 0.002 -13"><span class='ocrx_word' id='word_1_278' title='bbox 191 1807 246 1842; x_wconf 90' lang='grc'>32.</span> <span class='ocrx_word' id='word_1_279' title='bbox 273 1806 461 1851; x_wconf 89' lang='lat' dir='ltr'>Optimum</span> <span class='ocrx_word' id='word_1_280' title='bbox 487 1812 541 1842; x_wconf 88' lang='lat' dir='ltr'>est</span> <span class='ocrx_word' id='word_1_281' title='bbox 567 1820 710 1854; x_wconf 82' lang='lat' dir='ltr'>semper</span> <span class='ocrx_word' id='word_1_282' title='bbox 735 1811 934 1854; x_wconf 71' lang='lat' dir='ltr'>ignoscere,</span> <span class='ocrx_word' id='word_1_283' title='bbox 961 1814 1136 1853; x_wconf 86' lang='lat' dir='ltr'>tanquam</span> <span class='ocrx_word' id='word_1_284' title='bbox 1163 1810 1192 1843; x_wconf 90' lang='lat' dir='ltr'>si</span> <span class='ocrx_word' id='word_1_285' title='bbox 1217 1810 1296 1854; x_wconf 86' lang='lat' dir='ltr'>ipse</span> <span class='ocrx_word' id='word_1_286' title='bbox 1322 1810 1456 1844; x_wconf 82' lang='lat' dir='ltr'>cotidie</span> <span class='ocrx_word' id='word_1_287' title='bbox 1480 1821 1620 1854; x_wconf 89' lang='lat' dir='ltr'>pecces.</span> 
     </span>
     <span class='ocr_line' id='line_1_35' title="bbox 272 1853 1715 1901; baseline 0.002 -13"><span class='ocrx_word' id='word_1_288' title='bbox 272 1853 368 1888; x_wconf 87' lang='lat' dir='ltr'>Plin.</span> <span class='ocrx_word' id='word_1_289' title='bbox 398 1867 451 1900; x_wconf 91' lang='lat' dir='ltr'>ep.</span> <span class='ocrx_word' id='word_1_290' title='bbox 479 1855 592 1892; x_wconf 88' lang='lat' dir='ltr'>VIII.</span> <span class='ocrx_word' id='word_1_291' title='bbox 620 1857 674 1897; x_wconf 81' lang='lat'>22,</span> <span class='ocrx_word' id='word_1_292' title='bbox 703 1858 734 1892; x_wconf 89' lang='lat'>2.</span> <span class='ocrx_word' id='word_1_293' title='bbox 769 1860 893 1901; x_wconf 84' lang='lat' dir='ltr'>Atque</span> <span class='ocrx_word' id='word_1_294' title='bbox 919 1868 985 1901; x_wconf 83' lang='lat' dir='ltr'>ego</span> <span class='ocrx_word' id='word_1_295' title='bbox 1012 1858 1194 1901; x_wconf 90' lang='lat' dir='ltr'>optimum</span> <span class='ocrx_word' id='word_1_296' title='bbox 1219 1864 1255 1891; x_wconf 92' lang='lat' dir='ltr'>et</span> <span class='ocrx_word' id='word_1_297' title='bbox 1281 1857 1617 1891; x_wconf 86' lang='lat' dir='ltr'>emendatissimum</span> <span class='ocrx_word' id='word_1_298' title='bbox 1643 1858 1715 1891; x_wconf 85' lang='lat' dir='ltr'>exi-</span> 
     </span>
     <span class='ocr_line' id='line_1_36' title="bbox 308 1903 1717 1950; baseline 0.002 -15"><span class='ocrx_word' id='word_1_299' title='bbox 308 1903 426 1943; x_wconf 82' lang='lat' dir='ltr'>stimo,</span> <span class='ocrx_word' id='word_1_300' title='bbox 461 1905 521 1946; x_wconf 81' lang='lat' dir='ltr'>qui</span> <span class='ocrx_word' id='word_1_301' title='bbox 547 1905 678 1938; x_wconf 86' lang='lat' dir='ltr'>ceteris</span> <span class='ocrx_word' id='word_1_302' title='bbox 711 1905 763 1938; x_wconf 86' lang='lat' dir='ltr'>ita</span> <span class='ocrx_word' id='word_1_303' title='bbox 789 1905 956 1948; x_wconf 75' lang='lat' dir='ltr'>ignoscit,</span> <span class='ocrx_word' id='word_1_304' title='bbox 994 1908 1170 1948; x_wconf 83' lang='lat' dir='ltr'>tanquam</span> <span class='ocrx_word' id='word_1_305' title='bbox 1202 1905 1281 1948; x_wconf 90' lang='lat' dir='ltr'>ipse</span> <span class='ocrx_word' id='word_1_306' title='bbox 1313 1904 1448 1939; x_wconf 85' lang='lat' dir='ltr'>cotidie</span> <span class='ocrx_word' id='word_1_307' title='bbox 1480 1909 1626 1950; x_wconf 79' lang='lat' dir='ltr'>peccet3</span> <span class='ocrx_word' id='word_1_308' title='bbox 1664 1905 1717 1938; x_wconf 88' lang='lat' dir='ltr'>ita</span> 
     </span>
     <span class='ocr_line' id='line_1_37' title="bbox 307 1951 1713 1996; baseline 0.002 -13"><span class='ocrx_word' id='word_1_309' title='bbox 307 1951 466 1993; x_wconf 85' lang='lat' dir='ltr'>peccatis</span> <span class='ocrx_word' id='word_1_310' title='bbox 493 1951 664 1993; x_wconf 86' lang='lat' dir='ltr'>abstinet,</span> <span class='ocrx_word' id='word_1_311' title='bbox 699 1955 873 1995; x_wconf 87' lang='lat' dir='ltr'>tanquam</span> <span class='ocrx_word' id='word_1_312' title='bbox 907 1952 1048 1986; x_wconf 87' lang='lat' dir='ltr'>nemini</span> <span class='ocrx_word' id='word_1_313' title='bbox 1073 1952 1249 1995; x_wconf 79' lang='lat' dir='ltr'>ignoscat.</span> <span class='ocrx_word' id='word_1_314' title='bbox 1290 1951 1396 1986; x_wconf 88' lang='lat' dir='ltr'>Vinc.</span> <span class='ocrx_word' id='word_1_315' title='bbox 1420 1951 1512 1986; x_wconf 90' lang='lat' dir='ltr'>Bell.</span> <span class='ocrx_word' id='word_1_316' title='bbox 1541 1964 1593 1996; x_wconf 93' lang='lat' dir='ltr'>sp.</span> <span class='ocrx_word' id='word_1_317' title='bbox 1620 1951 1654 1986; x_wconf 91' lang='lat' dir='ltr'>d.</span> <span class='ocrx_word' id='word_1_318' title='bbox 1681 1953 1713 1993; x_wconf 73' lang='lat'>4,</span> 
     </span>
     <span class='ocr_line' id='line_1_38' title="bbox 310 1996 1375 2044; baseline 0 -12"><span class='ocrx_word' id='word_1_319' title='bbox 310 1996 363 2032; x_wconf 76' lang='lat'>68.</span> <span class='ocrx_word' id='word_1_320' title='bbox 391 1997 449 2031; x_wconf 83' lang='lat' dir='ltr'>Ri.</span> <span class='ocrx_word' id='word_1_321' title='bbox 476 2010 509 2030; x_wconf 83' lang='lat' dir='ltr'>v.</span> <span class='ocrx_word' id='word_1_322' title='bbox 537 1998 599 2033; x_wconf 83' lang='lat'>32:</span> <span class='ocrx_word' id='word_1_323' title='bbox 626 1998 814 2044; x_wconf 81' lang='lat' dir='ltr'>Ignoscito</span> <span class='ocrx_word' id='word_1_324' title='bbox 841 1999 920 2032; x_wconf 87' lang='lat' dir='ltr'>aliis</span> <span class='ocrx_word' id='word_1_325' title='bbox 947 1999 1049 2042; x_wconf 77' lang='lat' dir='ltr'>quasi</span> <span class='ocrx_word' id='word_1_326' title='bbox 1075 2010 1202 2042; x_wconf 83' lang='lat' dir='ltr'>pecces</span> <span class='ocrx_word' id='word_1_327' title='bbox 1229 1999 1375 2034; x_wconf 89' lang='lat' dir='ltr'>cotidie.</span> 
     </span>
     <span class='ocr_line' id='line_1_39' title="bbox 192 2042 1550 2091; baseline 0.001 -13"><span class='ocrx_word' id='word_1_328' title='bbox 192 2043 247 2079; x_wconf 86' lang='lat'>33.</span> <span class='ocrx_word' id='word_1_329' title='bbox 274 2042 463 2088; x_wconf 89' lang='lat' dir='ltr'>Optimum</span> <span class='ocrx_word' id='word_1_330' title='bbox 491 2051 545 2078; x_wconf 86' lang='lat' dir='ltr'>est</span> <span class='ocrx_word' id='word_1_331' title='bbox 570 2047 747 2080; x_wconf 86' lang='lat' dir='ltr'>maiorum</span> <span class='ocrx_word' id='word_1_332' title='bbox 774 2046 927 2091; x_wconf 85' lang='lat' dir='ltr'>vestigia</span> <span class='ocrx_word' id='word_1_333' title='bbox 954 2046 1064 2088; x_wconf 86' lang='lat' dir='ltr'>sequi,</span> <span class='ocrx_word' id='word_1_334' title='bbox 1092 2046 1122 2079; x_wconf 87' lang='lat' dir='ltr'>si</span> <span class='ocrx_word' id='word_1_335' title='bbox 1147 2050 1247 2080; x_wconf 88' lang='lat' dir='ltr'>recte</span> <span class='ocrx_word' id='word_1_336' title='bbox 1272 2046 1550 2090; x_wconf 87' lang='lat' dir='ltr'>praecesserint.</span> 
     </span>
     <span class='ocr_line' id='line_1_40' title="bbox 271 2090 1010 2136; baseline 0.007 -13"><span class='ocrx_word' id='word_1_337' title='bbox 271 2090 378 2125; x_wconf 89' lang='lat' dir='ltr'>Vinc.</span> <span class='ocrx_word' id='word_1_338' title='bbox 405 2091 497 2126; x_wconf 87' lang='lat' dir='ltr'>Bell.</span> <span class='ocrx_word' id='word_1_339' title='bbox 525 2104 577 2136; x_wconf 84' lang='lat' dir='ltr'>sp.</span> <span class='ocrx_word' id='word_1_340' title='bbox 605 2093 638 2126; x_wconf 86' lang='lat' dir='ltr'>d.</span> <span class='ocrx_word' id='word_1_341' title='bbox 667 2094 697 2133; x_wconf 71' lang='lat'>5,</span> <span class='ocrx_word' id='word_1_342' title='bbox 726 2093 779 2127; x_wconf 85' lang='lat'>-37</span> <span class='ocrx_word' id='word_1_343' title='bbox 809 2092 868 2127; x_wconf 83' lang='lat' dir='ltr'>Ri.</span> <span class='ocrx_word' id='word_1_344' title='bbox 895 2105 927 2128; x_wconf 92' lang='lat' dir='ltr'>V.</span> <span class='ocrx_word' id='word_1_345' title='bbox 955 2093 1010 2128; x_wconf 91' lang='lat'>33.</span> 
     </span>
     <span class='ocr_line' id='line_1_41' title="bbox 168 2136 1346 2227; baseline 0.003 -55"><span class='ocrx_word' id='word_1_346' title='bbox 168 2137 246 2227; x_wconf 58' lang='lat'>{34</span> <span class='ocrx_word' id='word_1_347' title='bbox 273 2136 399 2171; x_wconf 89' lang='lat' dir='ltr'>Omnis</span> <span class='ocrx_word' id='word_1_348' title='bbox 425 2138 554 2172; x_wconf 90' lang='lat' dir='ltr'>doctor</span> <span class='ocrx_word' id='word_1_349' title='bbox 579 2140 617 2173; x_wconf 87' lang='lat' dir='ltr'>in</span> <span class='ocrx_word' id='word_1_350' title='bbox 642 2140 739 2174; x_wconf 84' lang='lat' dir='ltr'>Vitae</span> <span class='ocrx_word' id='word_1_351' title='bbox 764 2141 906 2174; x_wconf 87' lang='lat' dir='ltr'>ratione</span> <span class='ocrx_word' id='word_1_352' title='bbox 931 2150 1086 2184; x_wconf 85' lang='lat' dir='ltr'>peccans</span> <span class='ocrx_word' id='word_1_353' title='bbox 1111 2140 1255 2184; x_wconf 85' lang='lat' dir='ltr'>turpior</span> <span class='ocrx_word' id='word_1_354' title='bbox 1281 2144 1346 2175; x_wconf 89' lang='lat' dir='ltr'>est.</span> 
     </span>
     <span class='ocr_line' id='line_1_42' title="bbox 192 2183 1479 2231; baseline 0.002 -12"><span class='ocrx_word' id='word_1_355' title='bbox 192 2184 248 2219; x_wconf 84' lang='lat'>35.</span> <span class='ocrx_word' id='word_1_356' title='bbox 276 2183 332 2218; x_wconf 90' lang='lat' dir='ltr'>Ob</span> <span class='ocrx_word' id='word_1_357' title='bbox 358 2184 426 2219; x_wconf 90' lang='lat' dir='ltr'>hoc</span> <span class='ocrx_word' id='word_1_358' title='bbox 453 2186 550 2229; x_wconf 88' lang='lat' dir='ltr'>quod</span> <span class='ocrx_word' id='word_1_359' title='bbox 574 2186 612 2220; x_wconf 89' lang='lat' dir='ltr'>in</span> <span class='ocrx_word' id='word_1_360' title='bbox 637 2186 767 2226; x_wconf 85' lang='lat' dir='ltr'>officio,</span> <span class='ocrx_word' id='word_1_361' title='bbox 795 2187 893 2221; x_wconf 86' lang='grc'>0111113</span> <span class='ocrx_word' id='word_1_362' title='bbox 918 2187 1092 2231; x_wconf 79' lang='lat' dir='ltr'>magister</span> <span class='ocrx_word' id='word_1_363' title='bbox 1118 2198 1194 2221; x_wconf 89' lang='lat' dir='ltr'>esse</span> <span class='ocrx_word' id='word_1_364' title='bbox 1218 2187 1306 2228; x_wconf 81' lang='lat' dir='ltr'>vult,</span> <span class='ocrx_word' id='word_1_365' title='bbox 1333 2187 1479 2222; x_wconf 88' lang='lat' dir='ltr'>labitur.</span> 
     </span>
     <span class='ocr_line' id='line_1_43' title="bbox 279 2230 1717 2277; baseline 0.003 -12"><span class='ocrx_word' id='word_1_366' title='bbox 279 2230 386 2266; x_wconf 87' lang='lat' dir='ltr'>Vinc.</span> <span class='ocrx_word' id='word_1_367' title='bbox 413 2232 506 2267; x_wconf 87' lang='lat' dir='ltr'>Bell.</span> <span class='ocrx_word' id='word_1_368' title='bbox 547 2245 596 2277; x_wconf 89' lang='lat' dir='ltr'>sp.</span> <span class='ocrx_word' id='word_1_369' title='bbox 633 2233 666 2269; x_wconf 89' lang='grc'>(1.</span> <span class='ocrx_word' id='word_1_370' title='bbox 701 2235 732 2268; x_wconf 90' lang='lat'>5.</span> <span class='ocrx_word' id='word_1_371' title='bbox 760 2235 814 2270; x_wconf 88' lang='lat'>56.</span> <span class='ocrx_word' id='word_1_372' title='bbox 848 2234 906 2269; x_wconf 82' lang='lat' dir='ltr'>Ri.</span> <span class='ocrx_word' id='word_1_373' title='bbox 934 2247 964 2269; x_wconf 79' lang='lat' dir='ltr'>V.</span> <span class='ocrx_word' id='word_1_374' title='bbox 993 2234 1048 2269; x_wconf 75' lang='lat'>34.</span> <span class='ocrx_word' id='word_1_375' title='bbox 1085 2233 1227 2268; x_wconf 79' lang='lat' dir='ltr'>Doctor</span> <span class='ocrx_word' id='word_1_376' title='bbox 1259 2235 1288 2268; x_wconf 85' lang='lat' dir='ltr'>si</span> <span class='ocrx_word' id='word_1_377' title='bbox 1318 2235 1357 2268; x_wconf 87' lang='lat' dir='ltr'>in</span> <span class='ocrx_word' id='word_1_378' title='bbox 1388 2245 1430 2269; x_wconf 88' lang='lat' dir='ltr'>eo</span> <span class='ocrx_word' id='word_1_379' title='bbox 1463 2234 1559 2277; x_wconf 93' lang='lat' dir='ltr'>quod</span> <span class='ocrx_word' id='word_1_380' title='bbox 1592 2234 1717 2269; x_wconf 79' lang='lat' dir='ltr'>docuit</span> 
     </span>
     <span class='ocr_line' id='line_1_44' title="bbox 307 2280 1390 2326; baseline 0.002 -13"><span class='ocrx_word' id='word_1_381' title='bbox 307 2285 446 2323; x_wconf 88' lang='lat' dir='ltr'>peccat.</span> <span class='ocrx_word' id='word_1_382' title='bbox 473 2281 644 2324; x_wconf 81' lang='lat' dir='ltr'>turpiust.</span> <span class='ocrx_word' id='word_1_383' title='bbox 672 2280 771 2315; x_wconf 89' lang='lat' dir='ltr'>Sent.</span> <span class='ocrx_word' id='word_1_384' title='bbox 801 2281 893 2315; x_wconf 87' lang='lat' dir='ltr'>falso</span> <span class='ocrx_word' id='word_1_385' title='bbox 918 2282 1015 2315; x_wconf 89' lang='lat' dir='ltr'>inter</span> <span class='ocrx_word' id='word_1_386' title='bbox 1040 2280 1145 2317; x_wconf 89' lang='lat' dir='ltr'>Publ.</span> <span class='ocrx_word' id='word_1_387' title='bbox 1171 2286 1308 2326; x_wconf 87' lang='lat' dir='ltr'>recept.</span> <span class='ocrx_word' id='word_1_388' title='bbox 1336 2282 1390 2317; x_wconf 87' lang='lat'>93.</span> 
     </span>
     <span class='ocr_line' id='line_1_45' title="bbox 189 2325 1710 2374; baseline 0.002 -13"><span class='ocrx_word' id='word_1_389' title='bbox 189 2326 243 2361; x_wconf 91' lang='lat'>36.</span> <span class='ocrx_word' id='word_1_390' title='bbox 269 2325 453 2361; x_wconf 86' lang='lat' dir='ltr'>Peccandi</span> <span class='ocrx_word' id='word_1_391' title='bbox 479 2327 550 2361; x_wconf 89' lang='lat' dir='ltr'>duo</span> <span class='ocrx_word' id='word_1_392' title='bbox 578 2332 661 2362; x_wconf 90' lang='lat' dir='ltr'>sunt</span> <span class='ocrx_word' id='word_1_393' title='bbox 686 2335 832 2374; x_wconf 82' lang='lat' dir='ltr'>genera,</span> <span class='ocrx_word' id='word_1_394' title='bbox 861 2329 960 2362; x_wconf 93' lang='lat' dir='ltr'>aliud</span> <span class='ocrx_word' id='word_1_395' title='bbox 985 2340 1029 2362; x_wconf 84' lang='lat' dir='ltr'>ex</span> <span class='ocrx_word' id='word_1_396' title='bbox 1054 2330 1252 2372; x_wconf 82' lang='lat' dir='ltr'>propositO,</span> <span class='ocrx_word' id='word_1_397' title='bbox 1281 2329 1380 2363; x_wconf 90' lang='lat' dir='ltr'>aliud</span> <span class='ocrx_word' id='word_1_398' title='bbox 1397 2340 1442 2363; x_wconf 83' lang='lat' dir='ltr'>ex</span> <span class='ocrx_word' id='word_1_399' title='bbox 1466 2329 1710 2374; x_wconf 84' lang='lat' dir='ltr'>neglegentia.</span> 
     </span>
     <span class='ocr_line' id='line_1_46' title="bbox 165 2330 1264 2460; baseline 0.003 -53"><span class='ocrx_word' id='word_1_400' title='bbox 165 2330 244 2460; x_wconf 50' lang='lat' dir='ltr'>{3ss</span> <span class='ocrx_word' id='word_1_401' title='bbox 271 2372 441 2418; x_wconf 89' lang='lat' dir='ltr'>Plerique</span> <span class='ocrx_word' id='word_1_402' title='bbox 466 2378 567 2409; x_wconf 88' lang='lat' dir='ltr'>metu</span> <span class='ocrx_word' id='word_1_403' title='bbox 592 2387 745 2419; x_wconf 89' lang='lat' dir='ltr'>peceare</span> <span class='ocrx_word' id='word_1_404' title='bbox 771 2380 923 2418; x_wconf 82' lang='lat' dir='ltr'>cessant,</span> <span class='ocrx_word' id='word_1_405' title='bbox 949 2387 1022 2410; x_wconf 91' lang='lat' dir='ltr'>non</span> <span class='ocrx_word' id='word_1_406' title='bbox 1047 2376 1264 2410; x_wconf 83' lang='lat' dir='ltr'>innocentia.</span> 
     </span>
     <span class='ocr_line' id='line_1_47' title="bbox 189 2419 1243 2463; baseline 0.003 -9"><span class='ocrx_word' id='word_1_407' title='bbox 189 2420 244 2455; x_wconf 79' lang='lat'>38.</span> <span class='ocrx_word' id='word_1_408' title='bbox 272 2419 444 2455; x_wconf 86' lang='lat' dir='ltr'>Profecto</span> <span class='ocrx_word' id='word_1_409' title='bbox 470 2422 562 2456; x_wconf 86' lang='lat' dir='ltr'>tales</span> <span class='ocrx_word' id='word_1_410' title='bbox 586 2423 717 2463; x_wconf 82' lang='lat' dir='ltr'>timidi,</span> <span class='ocrx_word' id='word_1_411' title='bbox 749 2434 821 2457; x_wconf 86' lang='lat' dir='ltr'>non</span> <span class='ocrx_word' id='word_1_412' title='bbox 846 2424 1060 2457; x_wconf 86' lang='lat' dir='ltr'>innocentes</span> <span class='ocrx_word' id='word_1_413' title='bbox 1086 2423 1243 2458; x_wconf 79' lang='lat' dir='ltr'>dicendi.</span> 
     </span>
     <span class='ocr_line' id='line_1_48' title="bbox 273 2466 1712 2515; baseline 0.003 -15"><span class='ocrx_word' id='word_1_414' title='bbox 273 2466 379 2503; x_wconf 88' lang='lat' dir='ltr'>Vinc.</span> <span class='ocrx_word' id='word_1_415' title='bbox 407 2468 497 2503; x_wconf 92' lang='lat' dir='ltr'>Bell.</span> <span class='ocrx_word' id='word_1_416' title='bbox 535 2481 586 2513; x_wconf 91' lang='lat' dir='ltr'>sp.</span> <span class='ocrx_word' id='word_1_417' title='bbox 613 2469 647 2504; x_wconf 87' lang='lat' dir='ltr'>d.</span> <span class='ocrx_word' id='word_1_418' title='bbox 674 2470 706 2508; x_wconf 71' lang='lat'>4.</span> <span class='ocrx_word' id='word_1_419' title='bbox 737 2470 813 2506; x_wconf 83' lang='lat'>106.</span> <span class='ocrx_word' id='word_1_420' title='bbox 846 2470 906 2505; x_wconf 81' lang='lat' dir='ltr'>Ri.</span> <span class='ocrx_word' id='word_1_421' title='bbox 931 2482 963 2503; x_wconf 88' lang='lat' dir='ltr'>v.</span> <span class='ocrx_word' id='word_1_422' title='bbox 991 2470 1054 2505; x_wconf 89' lang='lat'>36:</span> <span class='ocrx_word' id='word_1_423' title='bbox 1087 2469 1251 2505; x_wconf 75' lang='lat' dir='ltr'>Peccant</span> <span class='ocrx_word' id='word_1_424' title='bbox 1276 2471 1440 2513; x_wconf 81' lang='lat' dir='ltr'>consilio,</span> <span class='ocrx_word' id='word_1_425' title='bbox 1466 2472 1620 2515; x_wconf 80' lang='lat' dir='ltr'>peccant</span> <span class='ocrx_word' id='word_1_426' title='bbox 1651 2481 1712 2504; x_wconf 90' lang='lat' dir='ltr'>ne-</span> 
     </span>
     <span class='ocr_line' id='line_1_49' title="bbox 305 2515 1562 2561; baseline 0.002 -13"><span class='ocrx_word' id='word_1_427' title='bbox 305 2515 499 2559; x_wconf 79' lang='lat' dir='ltr'>glegentia.</span> <span class='ocrx_word' id='word_1_428' title='bbox 529 2529 560 2550; x_wconf 85' lang='lat' dir='ltr'>v.</span> <span class='ocrx_word' id='word_1_429' title='bbox 590 2517 653 2551; x_wconf 84' lang='lat'>37:</span> <span class='ocrx_word' id='word_1_430' title='bbox 680 2516 785 2551; x_wconf 77' lang='lat' dir='ltr'>Metu</span> <span class='ocrx_word' id='word_1_431' title='bbox 809 2529 883 2551; x_wconf 88' lang='lat' dir='ltr'>non</span> <span class='ocrx_word' id='word_1_432' title='bbox 908 2523 1061 2561; x_wconf 87' lang='lat' dir='ltr'>peccant</span> <span class='ocrx_word' id='word_1_433' title='bbox 1086 2518 1202 2559; x_wconf 77' lang='lat' dir='ltr'>multi,</span> <span class='ocrx_word' id='word_1_434' title='bbox 1228 2518 1318 2552; x_wconf 88' lang='lat' dir='ltr'>haut</span> <span class='ocrx_word' id='word_1_435' title='bbox 1342 2518 1562 2553; x_wconf 80' lang='lat' dir='ltr'>innocentia.</span> 
     </span>
     <span class='ocr_line' id='line_1_50' title="bbox 189 2560 1484 2609; baseline 0.002 -13"><span class='ocrx_word' id='word_1_436' title='bbox 189 2561 245 2596; x_wconf 89' lang='lat'>39.</span> <span class='ocrx_word' id='word_1_437' title='bbox 271 2560 489 2605; x_wconf 83' lang='lat' dir='ltr'>Priusquam</span> <span class='ocrx_word' id='word_1_438' title='bbox 514 2565 708 2608; x_wconf 83' lang='lat' dir='ltr'>promittas</span> <span class='ocrx_word' id='word_1_439' title='bbox 734 2564 926 2606; x_wconf 85' lang='lat' dir='ltr'>deliberes,</span> <span class='ocrx_word' id='word_1_440' title='bbox 952 2568 993 2598; x_wconf 92' lang='lat' dir='ltr'>ut</span> <span class='ocrx_word' id='word_1_441' title='bbox 1019 2575 1100 2598; x_wconf 90' lang='lat' dir='ltr'>cum</span> <span class='ocrx_word' id='word_1_442' title='bbox 1125 2565 1335 2609; x_wconf 89' lang='lat' dir='ltr'>promiseris</span> <span class='ocrx_word' id='word_1_443' title='bbox 1361 2564 1484 2602; x_wconf 87' lang='lat' dir='ltr'>facias.</span> 
     </span>
     <span class='ocr_line' id='line_1_51' title="bbox 270 2608 1473 2647; baseline 0.005 -5"><span class='ocrx_word' id='word_1_444' title='bbox 270 2608 518 2646; x_wconf 78' lang='lat' dir='ltr'>Pseudo-Seu.</span> <span class='ocrx_word' id='word_1_445' title='bbox 547 2610 591 2645; x_wconf 87' lang='lat' dir='ltr'>de</span> <span class='ocrx_word' id='word_1_446' title='bbox 616 2622 706 2647; x_wconf 92' lang='lat' dir='ltr'>mor.</span> <span class='ocrx_word' id='word_1_447' title='bbox 734 2611 788 2647; x_wconf 82' lang='lat'>25.</span> <span class='ocrx_word' id='word_1_448' title='bbox 815 2612 872 2646; x_wconf 83' lang='lat' dir='ltr'>Ri.</span> <span class='ocrx_word' id='word_1_449' title='bbox 891 2623 924 2646; x_wconf 85' lang='lat' dir='ltr'>v.</span> <span class='ocrx_word' id='word_1_450' title='bbox 952 2610 1006 2646; x_wconf 82' lang='lat'>39.</span> <span class='ocrx_word' id='word_1_451' title='bbox 1470 2626 1473 2629; x_wconf 94' lang='lat'>·</span> 
     </span>
     <span class='ocr_line' id='line_1_52' title="bbox 188 2654 1210 2703; baseline 0.004 -13"><span class='ocrx_word' id='word_1_452' title='bbox 188 2655 244 2691; x_wconf 83' lang='lat'>40.</span> <span class='ocrx_word' id='word_1_453' title='bbox 270 2654 378 2690; x_wconf 88' lang='lat' dir='ltr'>Prius</span> <span class='ocrx_word' id='word_1_454' title='bbox 405 2658 435 2691; x_wconf 88' lang='lat' dir='ltr'>si</span> <span class='ocrx_word' id='word_1_455' title='bbox 460 2659 659 2701; x_wconf 77' lang='lat' dir='ltr'>negaveris.</span> <span class='ocrx_word' id='word_1_456' title='bbox 686 2658 814 2693; x_wconf 87' lang='lat' dir='ltr'>fecisse</span> <span class='ocrx_word' id='word_1_457' title='bbox 839 2663 968 2703; x_wconf 87' lang='lat' dir='ltr'>postea</span> <span class='ocrx_word' id='word_1_458' title='bbox 992 2658 1119 2693; x_wconf 85' lang='lat' dir='ltr'>fallere</span> <span class='ocrx_word' id='word_1_459' title='bbox 1145 2662 1210 2694; x_wconf 92' lang='lat' dir='ltr'>est.</span> 
     </span>
     <span class='ocr_line' id='line_1_53' title="bbox 271 2702 1708 2751; baseline 0.002 -15"><span class='ocrx_word' id='word_1_460' title='bbox 271 2702 326 2736; x_wconf 83' lang='lat' dir='ltr'>Cf.</span> <span class='ocrx_word' id='word_1_461' title='bbox 352 2703 473 2738; x_wconf 89' lang='lat' dir='ltr'>Bentl.</span> <span class='ocrx_word' id='word_1_462' title='bbox 499 2704 607 2739; x_wconf 91' lang='lat' dir='ltr'>Publ.</span> <span class='ocrx_word' id='word_1_463' title='bbox 634 2704 714 2749; x_wconf 75' lang='lat' dir='ltr'>Syr.</span> <span class='ocrx_word' id='word_1_464' title='bbox 749 2717 780 2739; x_wconf 79' lang='lat' dir='ltr'>v.</span> <span class='ocrx_word' id='word_1_465' title='bbox 809 2706 887 2741; x_wconf 88' lang='grc'>225.</span> <span class='ocrx_word' id='word_1_466' title='bbox 913 2705 972 2740; x_wconf 84' lang='lat' dir='ltr'>Ri.</span> <span class='ocrx_word' id='word_1_467' title='bbox 998 2717 1031 2741; x_wconf 86' lang='lat' dir='ltr'>V.</span> <span class='ocrx_word' id='word_1_468' title='bbox 1057 2706 1119 2741; x_wconf 77' lang='lat'>40:</span> <span class='ocrx_word' id='word_1_469' title='bbox 1157 2705 1264 2740; x_wconf 88' lang='lat' dir='ltr'>Prius</span> <span class='ocrx_word' id='word_1_470' title='bbox 1300 2708 1330 2740; x_wconf 84' lang='lat' dir='ltr'>si</span> <span class='ocrx_word' id='word_1_471' title='bbox 1362 2706 1518 2751; x_wconf 78' lang='lat' dir='ltr'>negaris,</span> <span class='ocrx_word' id='word_1_472' title='bbox 1544 2706 1627 2750; x_wconf 79' lang='lat' dir='ltr'>post</span> <span class='ocrx_word' id='word_1_473' title='bbox 1658 2704 1708 2739; x_wconf 86' lang='lat' dir='ltr'>fe-</span> 
     </span>
     <span class='ocr_line' id='line_1_54' title="bbox 304 2750 640 2787; baseline 0.009 -4"><span class='ocrx_word' id='word_1_474' title='bbox 304 2750 395 2785; x_wconf 84' lang='lat' dir='ltr'>cisse</span> <span class='ocrx_word' id='word_1_475' title='bbox 421 2755 477 2786; x_wconf 87' lang='lat' dir='ltr'>est</span> <span class='ocrx_word' id='word_1_476' title='bbox 502 2752 640 2787; x_wconf 80' lang='lat' dir='ltr'>fallere.</span> 
     </span>
    </p>
   </div>
   <div class='ocr_carea' id='block_1_3' title="bbox 1434 2857 1497 2893">
    <p class='ocr_par' dir='ltr' id='par_1_3' title="bbox 1434 2857 1497 2893">
     <span class='ocr_line' id='line_1_55' title="bbox 1434 2857 1497 2893; baseline 0.016 -1"><span class='ocrx_word' id='word_1_477' title='bbox 1434 2857 1497 2893; x_wconf 76' lang='lat'>18*</span> 
     </span>
    </p>
   </div>
   <div class='ocr_carea' id='block_1_4' title="bbox 0 0 35 3090">
    <p class='ocr_par' dir='ltr' id='par_1_4' title="bbox 0 0 35 3090">
     <span class='ocr_line' id='line_1_56' title="bbox 0 0 35 3090; baseline 0 0"><span class='ocrx_word' id='word_1_478' title='bbox 0 0 35 3090; x_wconf 95' lang='lat' dir='ltr'> </span> 
     </span>
    </p>
   </div>
  </div>
 </body>
</html>
