1967 3090
752 203 798 206 —
868 178 950 220 1:139
1013 202 1068 205 —

130 295 184 334 51,
215 294 267 328 13.
295 294 345 327 ita
372 293 407 326 in
435 294 591 327 maxima
618 293 765 327 fortuna
790 293 939 326 minima
965 293 1113 326 licentia
1140 296 1204 326 est.
1241 292 1324 328 Sen.
1352 293 1395 327 de
1422 293 1462 328 ir.
1490 292 1541 326 ΙΙ.
1568 293 1623 332 21,
1651 293 1683 327 6.

129 341 209 375 ideo
245 341 361 374 unicis
401 352 470 383 quo
505 341 586 384 plus
622 340 840 385 indulgetur,
881 340 1101 384 pupillisque
1133 352 1203 383 quo
1236 339 1317 383 plus
1351 340 1445 380 licet,
1479 339 1685 384 corruptior

129 388 268 422 animus
295 390 360 422 est.

222 434 256 469 D
285 436 314 470 1.
344 434 556 477 „Cotidiana
583 446 703 468 rerum
730 433 957 478 experientia
983 433 1170 467 reddimur
1195 433 1472 477 prudentiores“
1499 433 1682 468 Erasmus.

128 482 183 516 Cf.
209 482 315 517 Publ.
343 482 369 515 U
399 482 440 517 19
467 482 581 527 (103).
617 480 697 516 Liv.
725 482 780 521 22,
817 480 873 515 39.
900 480 1079 522 meliores,
1114 481 1381 524 prudentiores,
1417 481 1683 515 constantiores

127 541 193 564 nos
220 534 361 573 tempus
388 529 535 572 diesque
563 528 662 563 facit.

222 578 254 611 2.
283 575 396 618 „Cum
414 576 549 609 amicus
568 575 730 608 afflictus
746 578 827 617 eget¹
840 575 985 616 auxilio,
1006 578 1083 608 tum
1102 574 1295 619 obiurgare
1309 586 1382 608 non
1397 578 1449 609 est
1469 574 1682 616 officiosum,

128 624 190 658 sed
217 624 388 658 damnare
415 626 480 657 est.
530 622 692 656 Primum
719 622 931 656 eximendus
950 625 1005 657 est
1023 622 1243 662 calamitate,
1270 624 1396 665 postea
1423 622 1680 667 obiurgandus,

126 671 222 715 quod
249 682 312 704 sua
337 670 445 713 culpa
470 670 507 703 in
533 681 613 703 eam
638 669 831 703 inciderit“
860 669 1045 703 Erasmus.

220 720 251 753 .“3.
277 716 449 751 Parare
467 716 604 750 bellum
622 716 766 757 dicitur,
794 717 854 760 qui
872 716 1007 751 bellare
1034 719 1140 760 parat
1166 716 1223 750 vel
1250 716 1387 750 bellum
1426 720 1589 749 moturus
1629 719 1683 750 est

124 776 271 809 appar
285 775 362 798 are
392 764 538 804 bellum,
565 764 625 808 qui
643 775 695 804 ea,
711 775 803 807 quae
821 763 918 797 bello
933 763 1224 798 administrando
1244 775 1332 807 opus
1349 766 1441 803 sunt,
1462 763 1632 806 providet
1649 766 1685 797 et⁴

124 815 324 856 comparat.
359 811 413 845 Cf.
432 810 512 846 Liv.
541 812 570 852 7,
598 811 653 851 20,
683 812 713 845 2.
748 810 934 845 Drakenb.
962 810 1084 854 Quint.
1108 810 1198 844 XII.
1229 812 1259 850 3,
1288 812 1319 845 5.
1372 809 1463 853 „Qui
1490 810 1528 843 in
1554 821 1681 854 aggre-

124 859 258 893 diendo
288 859 439 893 nimium
467 861 676 902 properant,
707 858 902 902 aliquando
938 858 1078 892 tardius
1113 858 1322 893 conficiunt.
1369 856 1473 891 Mora
1504 857 1542 890 in
1572 868 1681 901 appa-

123 907 238 941 rando
264 917 336 940 non
362 905 591 950 dispendium
617 909 681 946 est,
718 906 781 940 sed
815 906 957 939 lucrum
992 905 1037 939 ad
1063 906 1252 951 negotium
1286 905 1358 939 cito
1395 903 1680 938 conficiendum“

125 953 310 989 Erasmus

218 1001 251 1036 4.
277 1000 362 1035 Non
379 1000 516 1040 dubito,
537 1011 617 1033 cum
636 1002 672 1033 et
689 1000 726 1033 in
746 1000 799 1041 iis,
818 1011 910 1043 quae
924 1000 961 1033 in
979 999 1034 1033 Pb
1052 1000 1227 1033 adnotata
1255 1002 1348 1041 sunt,
1378 1000 1497 1043 legam
1522 999 1559 1032 111
1578 998 1680 1031 libris

123 1048 341 1092 quibusdam
366 1047 544 1091 scriptum
568 1046 678 1081 fuisse
697 1058 791 1081 cum
817 1047 1058 1092 ingratum
1083 1047 1277 1081 hominis
1304 1050 1339 1081 et
1364 1047 1402 1080 111
1420 1046 1487 1081 PR
1506 1046 1682 1089 scriptum

124 1095 267 1130 videam
292 1095 507 1135 hominis,
535 1094 622 1138 quin
648 1094 736 1129 haec
762 1106 849 1128 vera
875 1095 921 1128 sit
947 1095 1127 1139 scriptura
1153 1098 1187 1128 et
1214 1094 1445 1128 interciderit
1470 1104 1611 1129 nomen.
1639 1104 1683 1126 ex

123 1154 195 1187 quo
212 1143 400 1187 genetivus
425 1142 612 1185 penderet.
642 1142 765 1186 Atque
792 1142 829 1175 id
861 1142 979 1186 ipsum
1006 1142 1238 1176 cumulum
1258 1142 1368 1175 fuisse
1386 1153 1430 1175 ex
1450 1153 1491 1175 eo
1511 1141 1681 1184 suspicor,

124 1190 222 1233 quod
236 1192 408 1233 sequente
426 1189 604 1233 particula
622 1200 715 1223 cum
729 1189 848 1233 ipsum
865 1200 996 1223 nomen
1014 1189 1121 1223 facile
1137 1189 1284 1223 videtur
1301 1188 1495 1232 praeteriri
1510 1187 1682 1232 potuisse.

125 1237 220 1281 Quid
247 1241 368 1271 autem
394 1237 439 1270 sit
467 1236 684 1276 cumulus.
712 1236 803 1270 bene
831 1237 996 1280 exposuit
1025 1236 1273 1280 Quintilianus
1301 1235 1392 1271 VII.
1420 1236 1534 1280 praef.
1565 1237 1593 1270 1.
1621 1238 1684 1275 „ut

124 1296 236 1329 opera
273 1283 541 1318 exstruentibus
568 1284 654 1317 satis
681 1295 754 1317 non
781 1287 836 1318 est
862 1295 948 1317 saxa
975 1288 1083 1328 atque
1108 1284 1300 1318 materiam
1335 1286 1372 1318 et
1406 1286 1528 1316 cetera
1562 1281 1682 1316 aedifi-

124 1333 221 1366 canti
248 1332 353 1365 utilia
379 1342 585 1374 congerere,
614 1330 684 1364 nisi
711 1331 948 1374 disponendis
974 1331 1018 1365 iis
1038 1331 1335 1374 collocandisque
1355 1329 1536 1364 artificum
1554 1341 1681 1362 manus

123 1379 358 1413 adhibeatur:
389 1378 439 1412 sic
472 1378 509 1411 in
535 1377 689 1412 dicendo
717 1378 917 1421 quamlibet
943 1378 1132 1412 abundans
1159 1390 1281 1412 rerum
1308 1378 1412 1422 copia
1446 1377 1682 1410 cumulum

123 1430 266 1460 tantum
290 1425 424 1460 habeat
450 1428 556 1468 atque
583 1428 807 1470 congestum.
843 1425 913 1459 nisi
939 1425 1021 1458 illas
1050 1426 1179 1459 eadem
1216 1425 1408 1469 dispositio
1444 1425 1481 1458 in
1515 1423 1682 1458 ordinem

124 1474 282 1518 digestas
298 1476 406 1516 atque
421 1473 517 1506 inter
530 1484 567 1506 se
583 1472 791 1506 commissas
808 1472 1021 1507 devinxerit.
1074 1472 1193 1507 Recte
1211 1473 1477 1516 interpretatur
1497 1470 1681 1505 Gresnerus

124 1521 162 1554 in
187 1520 292 1555 Thes.
327 1520 461 1553 molem
495 1523 715 1563 congestam,
753 1531 931 1559 acervum,
969 1519 1160 1564 speciatim
1195 1519 1299 1552 illum
1334 1530 1513 1557 acervum,
1550 1517 1610 1561 qui
1644 1518 1682 1552 in

124 1567 232 1602 rebus
278 1567 389 1601 aridis
433 1566 528 1599 ultra
574 1567 721 1610 plenam
765 1570 801 1600 et
844 1570 1082 1610 exaequatam
1125 1578 1331 1600 mensuram
1366 1566 1534 1609 assurgit.
1584 1565 1681 1599 Hinc

122 1616 232 1649 etiam
257 1614 528 1658 perorationem
554 1613 782 1656 eloquentiae
807 1614 975 1659 magistri
1000 1614 1150 1657 quidam
1176 1614 1346 1647 dixerunt
1372 1613 1607 1647 cumulum
1634 1612 1680 1646 ef.

126 1661 249 1706 Quint.
266 1661 333 1695 VI.
352 1663 381 1701 1,
400 1663 449 1696 1.;
468 1660 654 1705 peroratio
673 1661 903 1703 sequebatur,
919 1673 1024 1704 quam
1041 1661 1223 1695 cumulum
1237 1661 1394 1705 quidam,
1410 1659 1681 1694 conclusionem

123 1709 186 1743 alii
211 1713 345 1743 vocant
370 1709 452 1744 coll.
479 1706 602 1751 Quint.
629 1707 745 1743 VIII.
772 1708 875 1747 5188.
911 1708 1031 1752 Quare
1058 1709 1270 1742 cumulus
1298 1708 1432 1742 dicitur
1457 1707 1495 1740 id
1521 1707 1617 1750 quod
1644 1706 1681 1740 in

123 1756 177 1790 rei
204 1757 304 1800 apice
329 1756 388 1790 vel
414 1755 579 1790 acumine
606 1755 825 1789 altissimum
852 1758 916 1795 est,
944 1767 1002 1789 res
1029 1767 1169 1789 summa
1195 1756 1253 1790 vel
1285 1759 1460 1795 extrema,
1488 1757 1527 1788 ut
1553 1757 1679 1787 nostro

123 1814 289 1837 sermone
323 1803 476 1837 dicimus
510 1803 575 1836 das
601 1802 767 1837 Hochste
802 1803 859 1837 vel
885 1802 1103 1837 Aeusserste
1129 1803 1188 1836 vel
1221 1803 1332 1837 etiam
1358 1802 1416 1836 die
1441 1801 1580 1836 Krone.
1636 1800 1682 1835 Ut.

123 1851 217 1885 dixit
243 1850 316 1886 Cic.
343 1854 447 1894 pater
471 1861 526 1893 ep.
554 1849 600 1883 ad
624 1848 722 1884 Fam.
750 1849 862 1884 XIH.
900 1851 953 1884 15.
987 1851 1174 1884 cumulum
1206 1849 1534 1884 commendationis
1568 1859 1678 1888 meae,

123 1897 197 1932 Cic.
223 1897 319 1932 filius
346 1909 400 1942 ep.
428 1898 485 1932 ad.
511 1896 610 1930 Fam.
638 1896 745 1932 XVI.
772 1898 827 1932 21.
855 1897 1039 1931 cumulum
1065 1897 1192 1941 gaudii
1202 1910 1209 1939 3
1244 1897 1348 1931 Ovid.
1383 1896 1471 1930 Met..
1505 1894 1573 1930 XI.
1601 1895 1679 1930 206.

124 1944 298 1989 perfidiae
330 1945 522 1985 cumulum,
557 1943 661 1977 XIV.
689 1944 769 1978 472.
796 1945 980 1978 cumulum
1013 1945 1146 1987 cladis3
1181 1944 1277 1980 Plin.
1310 1943 1395 1978 NH.
1428 1942 1541 1977 XIII.
1578 1943 1679 1983 1,’17.

123 2004 220 2026 nunc
238 1992 380 2026 dicetur
397 1992 561 2026 cumulus
580 1991 658 2035 ipse
672 1991 886 2025 deliciarum
905 1995 941 2025 et
961 2003 1100 2025 summa
1119 1992 1316 2026 auctoritas
1334 1992 1403 2033 rei;
1423 1990 1506 2025 Sen.
1527 1989 1680 2033 Hippol.

125 2039 226 2075 1117.
253 2039 433 2073 malorum
448 2039 647 2073 maximum
665 2039 760 2072 hunc
787 2039 971 2072 cumulum
996 2050 1088 2072 reor.
1121 2038 1178 2073 De
1203 2038 1460 2073 maledicto
1487 2037 1533 2073 cf.
1560 2036 1679 2071 Plaut.

123 2086 229 2122 Cure.
256 2086 323 2121 IV.
351 2087 381 2128 2,
398 2087 452 2121 27.
480 2086 639 2129 indignis
667 2086 697 2119 si
722 2085 815 2119 male
834 2086 977 2119 dicitur.
1005 2086 1238 2120 maledictum
1258 2087 1296 2120 id
1314 2097 1391 2120 esse
1409 2085 1504 2119 dice.
1555 2084 1679 2127 Quint.

125 2133 193 2167 VI.
213 2136 244 2173 2,
261 2134 316 2168 2.“3
335 2137 375 2167 ut
393 2145 475 2168 cum
494 2134 532 2167 in
550 2133 743 2167 maledicto
764 2133 844 2177 plus
864 2133 1026 2173 iniuriae,
1046 2145 1152 2176 quam
1168 2134 1205 2166 111
1223 2145 1347 2175 11131111;
1375 2134 1413 2166 111
1431 2132 1583 2166 infamia
1598 2131 1678 2175 plus

123 2191 262 2225 poenae
289 2181 452 2221 dicimus,
480 2192 588 2224 quam
614 2180 650 2214 in
676 2186 803 2215 morte.
853 2180 921 2213 Est
947 2180 1059 2223 igitur
1084 2180 1332 2215 maledicti
1351 2180 1566 2214 cumulus
1586 2190 1680 2212 sum—

123 2240 223 2261 mum
240 2239 282 2262 ac
299 2228 555 2272 gravissimum
575 2228 790 2262 convicium.
825 2226 1133 2261 Maledictum
1159 2228 1323 2262 dicere
1349 2227 1505 2262 formula
1532 2225 1678 2260 dicendi

124 2274 377 2320 etymologica,
405 2287 475 2319 (1113
500 2287 585 2309 usus
612 2276 722 2309 etiam
749 2278 803 2308 est
829 2274 950 2308 Plaut.
978 2273 1109 2308 Pseud.
1138 2273 1168 2310 I.
1197 2275 1330 2315 3‚138:
1365 2275 1429 2308 sed
1463 2284 1678 2317 quamquam

123 2322 238 2356 multa
265 2323 428 2366 malaque
454 2322 492 2356 111
517 2334 573 2356 me
600 2322 697 2356 dicta
715 2321 856 2355 dixistis
874 2321 963 2355 mihi
981 2322 1063 2357 coll.
1082 2321 1179 2356 Rud.
1208 2321 1278 2356 IV.
1305 2323 1336 2361 7,
1353 2322 1408 2356 24.
1436 2321 1509 2355 Eas
1529 2320 1677 2355 comicis

122 2369 162 2402 in
187 2369 326 2403 deliciis
352 2369 463 2404 fuisse
488 2369 596 2403 multi
622 2370 693 2403 loci
719 2369 894 2413 probant:
922 2369 1135 2403 servitutem
1161 2370 1297 2403 servire
1323 2369 1442 2403 Plaut.
1471 2368 1575 2411 Capt.
1602 2366 1676 2401 III.

122 2417 155 2456 4,
174 2417 227 2450 12.
253 2416 332 2450 Mil.
358 2416 410 2451 Π.
439 2417 537 2457 1,-17.
565 2416 617 2450 II.
646 2418 675 2457 6,
692 2416 724 2450 2.
750 2415 824 2450 III.
854 2417 882 2457 1,
899 2416 977 2450 147.
995 2415 1096 2451 Pers.
1122 2415 1152 2451 I.
1181 2418 1211 2457 1,
1227 2417 1259 2451 7.
1285 2415 1547 2451 35.Rud.111.
1574 2415 1605 2455 4,
1621 2414 1677 2449 42.

124 2462 225 2497 Trin.
252 2463 304 2497 II.
331 2465 362 2503 2,
378 2465 434 2498 21.
462 2464 516 2499 23.
543 2463 642 2497 facta
668 2464 787 2498 facere
814 2462 892 2498 Mil.
919 2462 990 2497 III.
1023 2466 1050 2504 1,
1068 2464 1146 2499 136.
1180 2464 1293 2498 vitam
1327 2464 1448 2497 vivere
1474 2462 1573 2496 Pers.
1609 2460 1676 2495 IV.

125 2512 156 2551 3,
176 2511 230 2545 2-1.
259 2522 411 2544 coenam
437 2522 588 2546 coenare
615 2510 710 2545 Rud.
737 2510 789 2545 II.
825 2510 928 2551 6,24.
963 2510 1141 2544 vomitum
1175 2522 1322 2545 vomere
1357 2511 1454 2545 Rud.
1488 2509 1539 2543 II.
1575 2509 1678 2550 6‚27.

124 2558 305 2591 somnium
331 2558 509 2592 somniare
534 2558 629 2593 Rud.
657 2557 730 2592 III.
760 2559 788 2598 1,
805 2559 836 2592 5.
863 2557 1036 2601 praedam
1061 2558 1237 2602 praedare
1263 2557 1360 2592 Rud.
1386 2556 1454 2591 IV.
1483 2557 1514 2598 7,
1534 2557 1588 2591 15.
1616 2556 1678 2589 ob-

125 2605 268 2639 sonium
295 2605 473 2639 obsonare
500 2604 613 2640 Stich.
639 2605 712 2640 III.
752 2605 854 2646 1.3‹J.
889 2604 1022 2649 gaudia
1054 2605 1213 2650 gaudere
1245 2605 1327 2639 Ter.
1362 2605 1480 2639 Andr.
1515 2603 1562 2637 V.
1597 2604 1627 2643 5,
1643 2602 1675 2637 8.

128 2651 262 2685 donum
289 2652 423 2687 donare
448 2652 541 2686 Eun.
568 2652 619 2688 Π.
647 2655 678 2693 3,
695 2653 749 2687 64.
777 2652 857 2686 Iam
883 2662 968 2686 vero
996 2652 1025 2685 si
1052 2663 1092 2685 ea
1119 2653 1312 2696 sequimur,
1341 2663 1432 2695 quae
1459 2652 1496 2685 iu
1522 2650 1576 2685 Pb
1614 2650 1676 2684 ad·

123 2702 250 2732 notata
276 2702 369 2740 sunt,
395 2703 468 2734 tres
494 2700 722 2744 potissimum
747 2699 852 2733 huius
878 2710 1002 2732 versus
1030 2700 1228 2743 scripturas
1248 2699 1432 2733 exstitisse
1451 2697 1673 2732 credendum

125 2748 188 2785 est,
215 2757 324 2779 unam
340 2747 448 2781 hanc:
476 2746 622 2781 Dixeris
649 2746 836 2780 maledicti
863 2745 1056 2787 cumulum,
1084 2758 1165 2780 cum
1190 2747 1328 2792 ingrati
1345 2746 1500 2780 hominis
1528 2745 1673 2784 dixeris,

124 2791 276 2826 alteram
317 2793 426 2828 hanc:
471 2793 517 2829 D.
564 2793 750 2828 maledicti
796 2793 997 2834 cumulum,
1052 2805 1133 2828 cum
1177 2794 1362 2839 ingratum
1406 2792 1590 2827 hominem
1629 2791 1674 2832 d.,
