1967 3090
884 153 936 157 —
1000 129 1086 171 240
1192 154 1248 159 -

264 246 367 279 velut
392 245 494 289 aegri
521 244 683 288 corporis
709 246 829 277 motus
849 248 913 278 est.
941 256 995 288 ep.
1018 244 1106 279 VII.
1132 245 1238 289 1(63)
1260 245 1312 280 14.
1339 244 1532 278 Excidit
1558 245 1705 289 proprie
1723 245 1821 289 quod

263 293 366 336 quasi
393 292 438 325 de
464 292 631 325 manibus
657 291 756 324 humi
783 292 973 335 delapsum
1001 292 1045 325 ad
1072 292 1216 325 irritum
1243 292 1424 335 redigitur
1450 291 1495 325 cf.
1523 291 1598 327 Cic.
1626 292 1704 327 Cat.
1732 292 1760 326 I.
1789 296 1820 334 6,

267 340 318 374 16.
345 338 420 373 Pis.
447 340 478 374 9.
507 350 561 382 ep.
590 338 636 371 ad
662 338 764 374 Brut.
791 338 821 374 Ι.
854 340 904 373 10.
933 338 1037 374 Ovid.
1065 339 1155 373 Met.
1183 338 1223 372 II
1263 341 1342 373 4501.
1372 338 1572 382 P1·0p.111.
1596 340 1623 380 1,
1652 339 1707 374 63.
1736 338 1819 375 Sen.

262 398 317 430 ep.
357 385 462 421 XVI.
508 386 528 419 23
563 387 643 430 (93)
682 387 733 420 11.
773 386 794 420 4
827 387 907 430 (99)
943 387 973 420 ἵ).
1030 386 1152 429 Quint.
1192 385 1243 421 Il.
1275 386 1325 427 17,
1354 387 1409 421 25.
1445 385 1679 420 Excidunt
1714 398 1819 420 con-

263 433 396 473 silia,
425 445 506 467 cum
533 433 583 466 sic
611 431 794 473 deficiunt,
821 437 862 466 ut
887 434 1097 476 priusquam
1123 433 1242 467 verbis
1270 433 1534 476 concipiantur,
1562 433 1743 466 interiisse
1768 434 1819 467 vi-

262 481 426 515 deantur.
479 480 600 523 Quarc
626 479 695 513 hoc
723 491 849 513 versus
877 481 1059 514 sententia
1085 480 1211 517 docet.
1248 480 1275 513 si
1311 491 1381 523 qua
1415 491 1510 513 nova
1534 484 1643 523 atque
1672 480 1821 514 insolita

262 532 391 561 contra
417 530 569 561 naturae
594 528 713 571 legem
739 531 775 561 et
809 527 974 561 ordinem
1001 527 1100 567 fiant,
1139 527 1327 561 homiuum
1362 527 1500 560 animos
1534 527 1587 560 ita
1612 530 1735 561 mente
1760 528 1820 562 de-

262 575 374 615 stitui,
409 579 450 608 ut
486 575 555 608 sibi
589 575 779 608 consulere
811 575 987 609 nesciant.
1039 574 1094 608 De
1121 574 1301 608 sententia
1327 574 1372 608 cf.
1402 573 1486 609 Seu.
1513 573 1592 608 Oct.
1620 574 1819 611 922—926.

260 622 418 667 Regitur
452 621 537 655 fatis
571 621 728 655 mortale
754 632 878 667 genus,
914 633 981 655 nec
1008 622 1075 655 sibi
1103 622 1295 665 quicquam
1323 621 1502 665 spondere
1528 624 1651 664 potest
1676 621 1820 656 firmum

263 672 299 703 et
326 668 468 709 stabile,
496 680 563 713 per
588 680 681 711 quae
707 679 810 702 casus
837 668 953 702 volvit
978 670 1099 702 varios
1126 680 1272 713 semper
1298 668 1403 702 nobis
1429 668 1625 702 metuenda
1650 668 1739 704 dies.

355 717 387 752 4.
416 716 647 761 Cogitare
682 716 778 759 quod
815 727 889 750 non
928 727 1094 760 persona,
1131 717 1193 750 sed
1219 727 1276 750 res
1305 716 1458 757 dicatur,
1493 715 1669 749 Bothium
1693 716 1818 757 movit,

263 766 302 797 ut
329 763 438 797 aliam
464 763 567 797 verbi
602 762 908 808 significationem
941 763 1250 807 circumspiceret.
1303 762 1432 805 Itaque
1466 763 1683 807 cogitant
1708 763 1818 797 inter-

260 814 423 854 pretatus
460 815 516 844 est
550 815 725 855 cogunt
750 810 807 845 vel
834 814 1143 855 congregant,
1183 811 1384 854 ovmiyoivm,
1421 810 1531 844 ducta
1556 810 1772 854 metaphora
1797 822 1818 844 a

260 857 426 897 nubibus,
454 869 542 901 quas
568 857 673 890 multi
700 858 776 891 dies
803 858 1023 901 colligerent
1041 859 1154 897 coelo,
1182 858 1268 891 dum
1287 857 1533 891 effunderetur
1550 857 1677 892 imber.
1713 856 1820 902 Quod

261 905 330 938 etsi
355 905 541 938 nonnullis
568 905 750 938 inferioris
785 905 980 939 latinitatis
1012 905 1323 949 exemplis-nain
1356 904 1519 938 Phaedri
1551 905 1651 938 locus
1687 904 1750 938 abs
1781 916 1820 938 re

260 952 396 986 alienus
442 952 796 995 videtur—probare
831 953 987 991 studuit,
1027 956 1150 986 tamen
1189 951 1437 985 Publilianum
1479 963 1557 986 esse
1594 952 1814 995 negaverim.

260 998 397 1043 Scripsi
436 999 560 1042 itaque
598 999 696 1042 quod
734 999 781 1033 ad
814 999 1022 1033 litterarum
1061 999 1339 1032 similitudinem
1373 999 1539 1042 proxime
1573 999 1715 1032 accedit
1742 1010 1816 1032 co-

260 1050 420 1090 quunt:
449 1058 519 1088 quo
545 1046 658 1080 verbo
686 1049 838 1080 utuntur
869 1047 914 1079 de
941 1046 1130 1087 fructibus,
1165 1047 1225 1090 qui
1253 1047 1338 1079 solis
1365 1047 1506 1080 fervore
1538 1047 1701 1089 coelique
1727 1050 1817 1080 tem·

260 1093 361 1137 perie
386 1094 432 1127 ad
458 1094 710 1127 maturitatem
736 1094 868 1127 adduci
895 1094 1067 1127 dicuntur
1099 1094 1144 1129 cf.
1177 1093 1281 1127 Varr.
1309 1093 1353 1128 R.
1381 1093 1427 1126 R.
1454 1092 1484 1126 I.
1513 1094 1568 1128 54.
1609 1093 1721 1137 Verg.
1747 1092 1818 1128 Ge-

259 1151 335 1185 org.
365 1139 415 1175 II.
452 1141 530 1175 1322.
558 1140 671 1175 Mart.
708 1141 821 1186 epigr.
858 1140 904 1175 X.
933 1142 986 1181 62,
1016 1141 1046 1175 Τ.
1089 1140 1172 1175 Seu.
1200 1140 1353 1184 Hippol.
1381 1140 1460 1175 968.
1500 1140 1620 1184 Quare
1646 1141 1736 1174 haec
1763 1143 1819 1174 est

259 1199 384 1221 versus
413 1188 608 1222 sententia:
651 1187 753 1222 Unus
779 1188 931 1221 tandem
949 1188 1025 1221 dies
1052 1199 1209 1231 poenam
1235 1187 1382 1221 nocenti
1408 1187 1589 1230 producit,
1617 1188 1717 1221 cuius
1743 1198 1817 1221 ma-

258 1235 446 1268 turitatem
473 1235 581 1268 multi
608 1235 696 1274 dies,
725 1236 787 1278 qui
814 1238 1102 1276 antecesserunt,
1128 1235 1301 1269 videntur
1326 1235 1612 1278 praeparavisse.
1654 1234 1711 1268 De
1738 1245 1817 1268 sen-

259 1282 376 1316 tentia
402 1283 446 1316 cf.
475 1281 560 1316 Sen.
589 1293 643 1326 ep.
672 1281 779 1315 XIV.
808 1283 827 1317 3
855 1283 933 1327 (91)
960 1286 990 1317 ὅ.
1042 1281 1225 1325 Quicquid
1258 1282 1370 1325 longa
1396 1282 1507 1315 series
1533 1282 1659 1315 multis
1685 1281 1818 1315 labori-

258 1330 335 1369 bus,
370 1329 488 1362 multa
525 1329 633 1362 deum
666 1329 896 1374 indulgentia
931 1330 1074 1371 struxit,
1113 1329 1151 1363 id
1177 1341 1267 1362 1111113
1300 1329 1379 1363 (1103
1407 1329 1548 1373 spargit
1573 1341 1614 1362 ac
1640 1329 1812 1372 dissipat:

258 1377 405 1420 longam
446 1387 587 1409 moram
626 1376 727 1410 dedit
764 1376 871 1410 malis
910 1376 1299 1420 appropinquantibus,
1338 1376 1399 1419 qui
1438 1376 1535 1410 diem
1576 1376 1687 1410 dixit:
1726 1376 1818 1410 hora

259 1426 553 1466 momentumque
579 1424 756 1467 temporis
783 1424 990 1457 evertendis
1017 1424 1180 1467 imperiis
1208 1423 1355 1457 sufficit.

355 1471 385 1504 5.
413 1470 507 1505 Xen.
528 1471 661 1514 Uyrop.
680 1470 767 1506 VII.
788 1472 818 1511 5,
847 1471 903 1506 86.
931 1470 1033 1504 αὐτοί
1058 1484 1095 1503 τε
1122 1471 1187 1516 γὰρ
1212 1469 1392 1513 βελτίονες
1417 1470 1576 1512 ἐσόμεθα
1602 1468 1818 1513 βουλόμενοι

259 1526 333 1551 'sols
359 1520 481 1550 παισὶν
507 1515 556 1558 (ᾖς
581 1516 750 1560 βέλτιστα
776 1517 1045 1562 παραὸείγμαῑα
1070 1517 1160 1560 ἡμᾶς
1186 1517 1314 1551 αὐτοὺς
1340 1521 1514 1563 παρέχειικ
1552 1517 1650 1553 Plut.
1678 1520 1815 1561 quaest.

257 1564 363 1599 Rom.
398 1576 432 1608 p.
460 1565 538 1599 272.
576 1564 614 1600 O.
647 1564 740 1597 ὅπου
766 1564 833 1610 γὰρ
859 1568 1019 1610 γέροντές
1045 1567 1132 1597 εἰσιν
1157 1564 1396 1605 ἀναίσχυντοι,
1422 1564 1571 1597 s'maffffl
1599 1565 1734 1609 ἀνάγκη
1760 1567 1818 1596 καὶ

258 1614 357 1645 ’νέους
383 1609 658 1646 ἀναιδεστάτου»-
684 1612 785 1646 firm.
826 1611 900 1647 Cic.
929 1613 987 1646 Off.
1015 1611 1044 1647 I.
1072 1613 1127 1647 34.
1156 1612 1239 1647 Seu.
1256 1624 1310 1656 ep.
1330 1611 1437 1647 XIX.
1466 1613 1605 1656 51114)
1634 1613 1689 1647 18·
1713 1611 1816 1646 vides

259 1662 381 1692 autem
407 1658 495 1702 quid
521 1663 704 1702 sequatur,
733 1659 795 1692 ubi
822 1659 931 1693 alicui
957 1659 1087 1693 vitium
1112 1671 1179 1703 pro
1207 1659 1373 1703 exemplo
1401 1663 1466 1694 est.

352 1708 383 1740 6.
411 1706 565 1739 Bothius
600 1718 683 1740 cum
716 1718 863 1740 versum
897 1709 938 1739 ut
962 1707 1127 1750 ineptum
1154 1710 1216 1740 aut
1242 1710 1456 1750 corruptum
1482 1705 1655 1747 omiserit,
1690 1708 1816 1740 tamen

257 1752 369 1786 talem
402 1753 513 1787 fuisse
549 1754 771 1797 suspicatur,
808 1754 954 1797 qualem
987 1757 1024 1787 et
1057 1752 1163 1797 Casp.
1199 1752 1359 1787 Orellius
1394 1753 1566 1797 probavit
1600 1757 1637 1787 et
1671 1753 1816 1797 scripsit

257 1799 477 1833 VVoefflinus
512 1801 648 1834 codicis
676 1800 884 1834 Turicensis
921 1801 1139 1844 scripturam
1167 1804 1321 1834 secutus.
1374 1799 1525 1834 Scilicet
1555 1800 1648 1834 nihil
1675 1801 1752 1834 sani
1778 1801 1816 1833 in

258 1858 301 1881 eo
329 1850 393 1886 est,
422 1847 519 1890 quod
546 1848 670 1891 posuit
696 1846 884 1887 Gruterus,
913 1848 1010 1891 quod
1036 1847 1212 1882 Nisardus
1239 1848 1290 1881 sic
1316 1848 1579 1891 interpretatus
1607 1850 1677 1882 est:
1717 1846 1814 1890 „Des

256 1905 324 1937 que
362 1893 436 1927 l’on
475 1895 602 1935 craint,
642 1895 669 1928 il
708 1895 742 1928 n7
761 1895 882 1928 arrive
919 1895 998 1928 rien
1035 1895 1096 1938 qui
1129 1895 1200 1928 soit
1234 1898 1253 1928 a
1281 1895 1479 1929 0101101109ι
1524 1894 1608 1928 Ηο0
1633 1895 1815 1928 sententia

255 1941 344 1982 vult,
374 1941 488 1975 sicubi
514 1941 606 1975 nihil
633 1942 689 1982 sit,
717 1942 816 1985 quod
840 1942 1024 1983 timeatur,
1058 1942 1265 1985 periculum
1278 1953 1366 1982 esse,
1393 1953 1438 1975 110
1457 1942 1619 1983 exsistat,
1647 1942 1744 1985 quod
1768 1942 1812 1975 ti-

255 1991 416 2022 meatur:
444 2000 621 2032 nusquam
647 1989 743 2022 enim
769 2000 827 2022 res
854 1989 1031 2022 humanas
1058 1992 1159 2023 metu
1185 2000 1318 2023 carere.

351 2036 382 2070 7.
411 2035 571 2069 Versum
603 2039 817 2079 corruptum
842 2036 914 2069 viri
948 2036 1048 2070 docti
1073 2037 1173 2070 varie
1207 2036 1401 2070 emendare
1430 2036 1552 2069 conati
1577 2036 1641 2070 alii
1664 2037 1813 2080 poetam

256 2082 344 2116 civis
370 2083 457 2116 boni
482 2083 719 2126 patriaequae
745 2083 998 2123 amantissimi,
1026 2084 1089 2116 alii
1114 2084 1290 2117 mundani
1316 2083 1402 2117 civis
1430 2083 1649 2117 sententiam
1667 2094 1812 2127 expres-

256 2130 344 2163 sisse
370 2130 541 2163 arbitrati
568 2134 660 2163 sunt.
711 2130 763 2164 At
794 2134 832 2164 et
857 2130 921 2164 illa
946 2131 1036 2164 trita
1062 2133 1098 2164 et
1122 2131 1285 2175 vulgaris
1312 2134 1368 2164 est
1392 2130 1575 2164 neminem
1606 2130 1814 2174 ubicunque

255 2176 347 2210 bene
359 2177 405 2210 sit
418 2177 539 2220 patria
553 2188 677 2211 carere
695 2188 802 2221 posse
812 2188 879 2211 1100
894 2177 983 2211 haec
1001 2188 1105 2217 nova,
1125 2189 1233 2221 quam
1246 2177 1404 2221 posteris
1421 2177 1585 2211 laudavit
1599 2177 1738 2212 Teucer
1750 2178 1815 2211 ille

255 2223 494 2264 Horatianus,
530 2235 745 2267 quocunque
778 2224 921 2258 exsules
955 2224 1067 2258 ferret
1099 2225 1231 2258 melior
1267 2224 1416 2259 fortuna
1441 2228 1603 2268 parente,
1636 2235 1710 2258 non
1735 2235 1814 2258 esse

256 2271 353 2313 quod
386 2271 635 2314 desperarent.
686 2273 721 2305 A
756 2283 825 2314 qua
850 2275 991 2305 veteres
1016 2272 1231 2315 plerosque,
1267 2283 1349 2306 cum
1374 2272 1517 2315 patriae
1542 2271 1695 2305 caritate
1719 2271 1811 2305 nihil

257 2318 415 2351 sanctius
442 2318 656 2359 iudicarent,
685 2318 776 2352 adeo
803 2319 1036 2352 abhorruisse
1062 2322 1217 2360 constat,
1253 2319 1313 2352 vix
1339 2321 1380 2352 ut
1407 2318 1607 2352 Publilium
1632 2329 1713 2352 eam
1738 2319 1811 2352 suis

255 2364 418 2398 versibus
454 2366 709 2399 commendare
742 2366 900 2399 voluisse
933 2365 1091 2400 credam.
1141 2365 1235 2400 Nam
1269 2366 1366 2409 quod
1394 2364 1533 2399 Seneca
1566 2365 1613 2399 ad
1638 2365 1812 2399 Helviam

256 2411 300 2444 de
330 2412 467 2447 consol.
504 2411 611 2447 VIII.
648 2413 679 2447 5.
713 2413 854 2446 nullum
888 2412 940 2446 ait
973 2413 1131 2446 inveniri
1166 2413 1333 2447 exsilium
1367 2413 1466 2446 intra
1498 2413 1674 2446 mundum
1707 2423 1813 2456 posse

256 2458 416 2492 alienum
442 2459 580 2493 homini
606 2462 643 2492 et
664 2458 733 2495 IX.
753 2460 783 2494 7.
804 2471 949 2493 omnem
975 2459 1095 2494 locum
1122 2460 1277 2503 sapienti
1304 2460 1382 2493 viro
1407 2460 1567 2503 patriani
1594 2471 1690 2502 esse3
1716 2460 1813 2493 unde

255 2505 368 2538 etiam
402 2505 492 2539 illud
526 2505 730 2550 profectum
757 2510 823 2547 est,
863 2506 962 2550 quod
995 2507 1033 2540 in
1058 2506 1221 2541 omnium
1246 2518 1308 2541 ore
1334 2509 1399 2547 est,
1433 2507 1593 2550 patriam
1618 2517 1706 2547 esse,
1733 2507 1811 2540 ubi-

255 2563 396 2595 cunque
424 2552 514 2586 bene
540 2553 587 2586 sit
621 2552 684 2597 (cf.
711 2552 961 2588 Pseudo—Seu.
989 2553 1034 2588 de
1058 2564 1149 2589 mor.
1177 2554 1265 2598 ⁴130:
1312 2556 1457 2587 tantum
1491 2554 1596 2587 abest
1620 2557 1661 2587 ut
1684 2564 1812 2587 verum

255 2602 292 2633 et
314 2599 512 2643 genuinum
539 2600 768 2643 antiquitatis
795 2611 939 2633 sensum
965 2600 1263 2643 voluntatemque
1289 2600 1481 2644 exprimat,
1507 2604 1548 2634 ut
1573 2600 1811 2644 philosopho-

255 2657 336 2679 rum
361 2647 591 2689 quorundam
615 2647 660 2681 ab
687 2647 871 2680 communi
896 2647 1084 2680 hominum
1109 2648 1188 2681 vita
1221 2651 1258 2681 et
1283 2659 1350 2680 usu
1377 2648 1579 2681 alienorum
1604 2647 1810 2682 doctrinam

254 2692 422 2726 tetricam
463 2697 573 2737 atque
604 2693 792 2727 horridam
823 2694 998 2729 redoleat.
1057 2694 1163 2738 Quod
1196 2705 1339 2728 mecum
1378 2695 1563 2738 reputanti
1597 2695 1706 2738 longe
1739 2694 1811 2728 alia

254 2750 381 2774 versus
407 2740 626 2774 emendandi
651 2741 746 2774 ratio
765 2741 895 2775 melior
920 2741 1009 2774 mihi
1035 2742 1114 2775 visa
1140 2744 1204 2781 est,
1233 2745 1272 2775 ut
1298 2745 1334 2775 et
1357 2742 1554 2775 scriberem
1579 2741 1657 2774 ubi
1683 2740 1808 2775 absis
