1967 3090
858 90 1178 132 —152—

240 205 499 240 exclamationi
539 203 716 238 inservire
753 204 878 238 multis
912 205 999 239 locis
1026 205 1202 249 probatur
1228 205 1271 238 cf.
1298 204 1417 240 Plaut.
1437 204 1539 248 Capt.
1567 204 1597 239 I.
1624 205 1655 247 2,
1672 206 1726 241 62.
1753 208 1794 240 ut

244 264 351 296 saepe
379 263 518 285 summa
543 251 688 294 ingenia
714 252 750 284 in
776 252 919 285 occulto
946 252 1077 288 latent!
1104 251 1185 286 Ter.
1212 251 1345 287 Heaut.
1371 251 1439 286 IV.
1468 254 1498 292 1,
1515 253 1569 287 51.
1590 256 1629 286 ut
1647 256 1795 297 praeter

241 311 343 344 spem
368 299 506 332 evenit!
534 298 626 333 Eun.
653 297 705 334 II.
733 299 835 339 2,-13.
863 303 902 333 ut
928 299 1040 333 falsus
1069 300 1178 333 animi
1205 298 1259 333 es!
1288 298 1400 342 Verg.
1427 298 1505 333 Ecl.
1533 298 1643 335 VIII.
1671 301 1728 335 41.
1754 303 1794 334 ut

240 347 325 388 vidi,
353 349 395 380 ut
419 345 531 389 perii!
559 349 599 379 ut
623 356 681 379 nie
707 346 824 380 malus
851 347 1002 381 abstulit
1028 346 1148 381 error!
1185 346 1278 381 Aen.
1320 345 1373 379 II.
1412 346 1609 382 283—265.
1645 358 1791 391 exspec-

239 398 317 428 tate
343 392 468 427 venis?
494 396 533 427 ut
559 396 596 426 te
613 396 697 436 post
713 394 829 427 multa
845 397 990 428 tuorum
1010 394 1137 429 funera
1163 416 1205 419 —
1235 415 1275 418 —
1305 394 1543 437 adspicimus!
1571 394 1664 430 Aen.
1683 393 1792 428 VIII.

242 441 441 476 154—156.
468 443 508 474 ut
533 443 580 481 te,
607 440 803 475 fortissime
829 440 1018 482 Teucrum,
1047 441 1186 485 accipio
1213 452 1442 485 agnoscoque
1467 441 1602 475 libens!
1629 444 1668 475 ut
1686 441 1793 476 verba

242 488 404 533 parentis
431 490 468 521 et
492 499 619 521 vocem
645 487 828 522 Anchisae
854 490 977 532 magni
1004 490 1217 532 vultumque
1251 488 1444 522 recordor!
1479 488 1571 522 Hor.
1599 487 1714 524 Serm.
1740 488 1791 524 II.

241 536 273 577 8,
290 536 344 570 62.
372 538 413 568 ut
439 546 582 579 semper
607 535 743 579 gaudes
770 535 922 571 illudere
949 536 1054 570 rebus
1082 535 1266 570 humanis!
1303 557 1345 560 —
1374 534 1475 578 Quae
1509 547 1591 570 cum
1624 536 1677 569 ita
1710 536 1794 577 sint,

241 583 310 617 hoc
336 582 515 617 sententia
541 582 650 616 docet
683 594 739 616 res
772 582 914 617 futuras
948 584 1049 617 nulla
1081 594 1204 627 pugna
1237 594 1343 627 posse
1378 583 1507 626 repelli
1543 595 1584 617 ac
1619 584 1795 627 superari.

243 630 296 666 Cf.
323 629 428 663 Publ.
455 628 485 663 F
510 630 555 664 26
581 630 693 674 (191).
720 629 772 664 Ut
797 630 863 664 hoc
889 631 969 665 loco
996 642 1119 675 pugna
1145 630 1321 675 superari,
1356 630 1408 664 ita
1442 630 1575 664 dicitur
1602 629 1668 664 Ov.
1695 630 1793 665 Fast.

240 677 292 713 II
319 678 398 713 801.
418 688 542 721 pugna
559 677 665 712 vinci.
716 676 878 722 Pugna
906 681 1027 712 autem
1044 690 1117 712 non
1144 679 1261 712 solum
1280 678 1324 711 de
1351 689 1534 711 armorum
1553 678 1795 718 conflictione,

243 725 307 759 sed
333 725 443 759 etiam
468 724 513 758 de
540 725 665 768 quavis
692 724 852 759 violenta
877 728 985 769 atque
1004 725 1137 760 infesta
1154 725 1410 770 congressione
1437 725 1578 760 dicitur.
1631 724 1683 761 Cf.
1711 724 1794 760 Sen.

241 775 316 806 nat.
343 774 480 815 quaest.
508 770 555 807 V.
577 772 666 811 120
647 797 677 806 1.
706 772 769 806 sed
788 772 934 806 laborat
951 774 1112 817 (ventus)
1140 776 1176 806 et
1194 774 1264 807 iter
1290 772 1359 807 sibi
1377 773 1412 806 vi
1439 784 1481 806 ac
1507 783 1661 816 pugna
1678 775 1795 816 parat.

243 819 289 854 V.
319 821 373 860 16,
390 819 420 853 2.
451 822 487 852 et
512 819 574 862 qui
599 819 719 853 locum
745 819 782 852 in
807 819 871 854 illa
895 821 1118 865 (ventorum)
1144 832 1297 865 pugna
1314 832 1386 854 non
1412 819 1550 860 habuit,
1576 819 1712 863 Aquilo
1731 819 1798 865 (cf.

242 866 354 910 Veig.
374 866 467 900 Aen.
485 865 516 900 I.
537 866 592 902 85.
615 866 690 910 86).
712 865 780 900 VI.
801 868 855 907 14,
871 868 891 902 3
907 867 944 900 id
959 867 1036 902 sine
1049 879 1203 911 pugna
1221 879 1295 901 non
1312 870 1435 911 potest
1461 866 1539 901 fieri
1557 878 1624 901 nec
1647 878 1798 912 pugna

242 914 320 948 sine
333 917 446 948 motu.
461 912 557 956 Quid
570 924 657 947 vero
676 914 883 958 significent
899 915 1028 948 verba:
1052 914 1135 948 Fut
1146 927 1224 949 ura
1241 927 1264 959 p
1275 918 1458 958 ugnant,
1474 925 1539 948 nec
1553 913 1797 948 Tzschuckius

242 961 341 1005 apud
366 960 552 1002 Orelliuni,
580 972 661 994 cum
686 960 776 995 haec
802 961 994 996 scriberet:
1025 965 1189 1006 „tempus
1216 962 1378 996 futurum
1396 961 1523 996 eadem
1547 961 1671 1003 refert,
1706 973 1751 996 ne
1778 973 1800 996 a

242 1009 441 1053 praeterito
469 1012 693 1052 superetur“,
720 1020 786 1042 nec
810 1007 984 1043 Erasmus
1011 1009 1098 1043 satis
1125 1009 1319 1054 explicuit:
1354 1009 1383 1042 is
1411 1009 1507 1043 enim
1533 1009 1584 1043 sic
1617 1009 1798 1053 interpre-

242 1059 341 1090 tatus
368 1058 440 1090 est:
467 1056 542 1096 „sic
568 1055 754 1090 instant
780 1055 941 1090 futura
965 1056 1095 1097 mala,
1122 1060 1163 1090 ut
1187 1059 1311 1090 tamen
1336 1056 1433 1090 vinci
1451 1056 1630 1099 vitarique
1656 1057 1798 1101 possint

268 1103 470 1137 1·udentia“.

242 1115 266 1148 p
363 1151 418 1186 13.
448 1149 518 1192 „Et
543 1150 612 1184 hoc
630 1161 774 1184 carmen
792 1150 927 1184 citatur
944 1162 965 1184 a
983 1150 1113 1185 Gellio.
1132 1150 1251 1185 Lenes
1269 1162 1351 1184 cum
1369 1151 1512 1194 saepius
1539 1153 1796 1194 provocantur,

243 1197 393 1232 tandem
430 1198 564 1231 irritati
598 1197 744 1241 gravius
778 1197 993 1238 irascuntur,
1027 1199 1111 1241 quia
1143 1198 1259 1231 rarius
1287 1201 1323 1231 et
1357 1198 1470 1232 serius
1507 1200 1800 1232 commoventur“

242 1245 427 1280 Erasmus,
456 1243 670 1287 „Sententia
695 1247 752 1278 est
776 1243 883 1278 Mimi
901 1243 1108 1287 Publiliam,
1136 1257 1228 1289 quae
1254 1245 1334 1279 vice
1352 1245 1536 1289 proverbii
1562 1245 1599 1279 in
1625 1256 1686 1279 eos
1713 1256 1797 1279 con-

243 1293 375 1333 veniet,
402 1292 464 1336 qui
489 1291 575 1325 dum
594 1295 746 1326 externa
763 1292 1010 1336 experiuntur,
1039 1293 1200 1327 alienant
1221 1304 1242 1326 a
1259 1303 1297 1327 se
1317 1303 1389 1333 eos,
1417 1304 1499 1326 cum
1517 1292 1645 1336 quibus
1665 1295 1799 1335 agunt:

243 1343 281 1373 et
305 1340 496 1373 universae
523 1339 576 1373 rei
601 1339 781 1372 iacturam
806 1338 954 1380 faciunt,
982 1339 1068 1373 dum
1094 1339 1175 1384 plus
1202 1341 1290 1374 satis
1317 1340 1451 1374 attenti
1469 1343 1554 1373 sunt
1571 1340 1618 1374 ad
1635 1340 1797 1374 lucrum“

244 1386 294 1421 M.
322 1386 470 1421 Gesner.
498 1385 605 1431 Ling.
632 1386 696 1422 lat.
722 1386 813 1420 thes.
842 1398 874 1422 v.
901 1387 1090 1430 patientia.

340 1434 394 1468 14.
428 1433 538 1468 Fides
565 1445 647 1467 cum
672 1434 851 1477 pudicitia
877 1435 1124 1478 comparanda
1149 1437 1215 1476 est,
1250 1446 1321 1479 qua
1349 1435 1491 1475 amissa,
1526 1438 1567 1469 ut
1593 1434 1644 1468 ait
1668 1433 1803 1468 Hiero-

245 1493 374 1525 nymus
409 1481 490 1515 adv.
516 1480 640 1516 Jovin.
667 1482 690 1516 l.
717 1480 750 1516 I.
776 1481 821 1515 de
855 1481 1090 1515 matrimonio
1126 1494 1161 1526 p.
1189 1482 1256 1517 192
1290 1482 1352 1526 (cf.
1381 1481 1466 1516 Sen.
1494 1482 1626 1527 fragm.
1659 1482 1714 1516 ed.
1740 1479 1803 1516 Fr.

245 1528 378 1563 Haasii
404 1528 475 1563 vol.
503 1527 575 1562 III.
604 1540 638 1572 p.
665 1528 744 1570 432,
772 1528 845 1573 78.)
871 1529 986 1563 omnis
1012 1529 1129 1563 virtus
1164 1529 1248 1565 ruit.
1288 1529 1387 1564 Hinc
1414 1529 1607 1564 Erasmus:
1650 1528 1801 1572 „Omnia

246 1576 419 1621 perdidit,
447 1575 508 1619 qui
534 1575 644 1609 fidem
669 1576 862 1620 perdidit.“
908 1575 964 1612 Cf.
990 1576 1096 1612 Publ.
1122 1575 1152 1610 F
1181 1578 1197 1611 1
1224 1577 1339 1621 (166).

341 1624 395 1657 15.
422 1622 525 1657 Nihil
544 1624 621 1657 sani
639 1626 696 1657 est
713 1623 751 1656 in
767 1623 945 1657 librorum
963 1624 1144 1668 scriptura
1160 1624 1218 1658 vel
1244 1636 1259 1658 s
1271 1624 1375 1668 apit
1393 1624 1451 1658 vel
1477 1624 1621 1668 rapit:
1648 1623 1704 1657 illi
1721 1634 1799 1657 ver-

248 1670 377 1705 borum
403 1673 598 1711 structura,
624 1670 709 1704 huic
736 1671 917 1704 sententia
943 1672 1128 1705 contraria
1154 1674 1219 1712 est,
1247 1671 1417 1714 quoniam
1442 1671 1598 1705 facilitas
1626 1670 1737 1705 animi
1763 1670 1801 1704 in

246 1718 291 1752 iis
316 1717 512 1751 virtutibus
539 1720 604 1757 est,
640 1729 732 1761 quae
757 1718 892 1752 ducant
918 1718 975 1752 vel
1002 1718 1113 1752 etiam
1145 1719 1331 1760 inducant,
1372 1730 1446 1752 non
1471 1719 1624 1762 rapiant.
1668 1716 1802 1761 Quam·

245 1765 371 1799 obrem
389 1764 506 1799 facit
523 1764 756 1800 scribendum
782 1765 961 1800 existimo.
1013 1765 1082 1799 Est
1107 1769 1227 1800 autem
1246 1765 1406 1800 facere
1433 1766 1486 1799 ad
1512 1765 1697 1809 aliquid
1715 1776 1800 1799 con-

244 1823 375 1856 gruere
386 1812 444 1846 vel
455 1813 648 1847 convenire
662 1823 743 1846 cum
754 1812 874 1855 aliqua
887 1824 935 1853 re,
951 1824 1016 1847 nos
1031 1813 1202 1848 dicimus:
1217 1825 1259 1847 zu
1274 1816 1384 1848 etwas
1399 1813 1570 1846 stimmen
1583 1813 1642 1846 vel
1656 1823 1798 1856 passen.

247 1858 301 1894 Cf.
322 1859 388 1895 Ov.
407 1859 453 1894 A.
473 1859 518 1894 A.
546 1858 620 1895 III.
639 1860 725 1894 540:
754 1862 790 1893 et
815 1859 934 1893 facit
960 1860 1005 1894 ad
1031 1872 1151 1894 mores
1177 1872 1234 1894 ars
1261 1871 1403 1904 quoque
1429 1863 1555 1894 nostra
1580 1871 1674 1895 suos.
1711 1858 1802 1894 Her.

247 1906 315 1942 VI.
331 1907 410 1942 128.
424 1905 576 1941 Medeae
602 1906 785 1941 faciunt
803 1907 849 1941 ad
868 1907 984 1941 scelus
1003 1918 1109 1941 omne
1126 1919 1265 1943 manus.
1291 1907 1381 1942 Her.
1400 1907 1505 1941 XVI.
1526 1907 1605 1942 190.
1624 1906 1670 1940 ad
1687 1907 1803 1940 talem

248 1954 404 1988 formam
442 1965 514 1988 non
552 1953 667 1988 facit
708 1954 776 1988 iste
818 1954 932 1989 locus.
974 1954 1084 1991 Trist.
1110 1954 1140 1990 I.
1169 1955 1223 1996 10,
1249 1955 1306 1990 44.
1334 1966 1407 1988 non
1433 1954 1558 1988 facit
1583 1954 1630 1988 ad
1658 1956 1802 1998 nostras

246 2001 367 2036 hostia
403 2001 520 2037 maior
557 2012 656 2045 opes.
697 2001 781 2036 Am.
808 2000 882 2037 III.
924 2003 977 2042 11,
1004 2002 1060 2042 42,
1100 2014 1173 2037 11011
1210 1982 1332 2037 facit
1370 2002 1416 2035 ad
1441 2013 1562 2036 mores
1593 2005 1669 2035 tam
1706 2001 1804 2035 bona

247 2049 366 2083 forma
402 2049 528 2084 malos
567 2048 597 2084 I.
625 2049 656 2089 2,
698 2048 752 2084 16.
790 2050 892 2083 frena
937 2049 1056 2083 minus
1095 2050 1214 2091 sentit,
1262 2050 1423 2093 quisquis
1449 2049 1505 2083 ad
1533 2060 1632 2083 arma
1670 2048 1802 2083 facit.

246 2095 360 2132 Mart.
379 2095 506 2140 Epigr.
525 2095 571 2130 X.
599 2097 653 2136 45,
675 2097 705 2132 6.
732 2108 805 2129 11011
831 2096 849 2129 f
856 2107 876 2129 a
888 2096 927 2130 ci
939 2099 955 2130 t
972 2097 1018 2130 ad
1037 2097 1264 2131 stomachum
1282 2101 1408 2130 nostra
1426 2097 1560 2141 lagona
1576 2099 1691 2130 tuum.
1719 2095 1804 2131 Sen.

248 2144 294 2178 de
319 2146 436 2186 tranq.
463 2143 572 2177 anim.
599 2142 667 2178 VI.
694 2144 725 2178 3.
752 2143 992 2186 quorumdam
1017 2145 1245 2179 contumacia
1269 2155 1342 2177 non
1368 2144 1492 2178 facit
1518 2143 1564 2177 ad
1591 2143 1729 2178 aulam:
1756 2143 1804 2177 ad

248 2201 355 2235 quem
382 2190 502 2224 locum
528 2190 618 2224 haec
643 2189 810 2234 Lipsius:
835 2202 938 2233 „nam
963 2191 1061 2224 Aula
1085 2192 1165 2225 vult
1191 2191 1444 2235 obsequentes,
1484 2190 1649 2226 Tacitus:
1675 2190 1802 2224 Labeo

248 2238 462 2281 incorrupta
486 2237 657 2272 libertate
683 2241 720 2272 et
745 2238 791 2271 ob
809 2237 847 2272 id
872 2237 971 2271 fama
989 2238 1217 2279 celebratior,
1245 2238 1433 2283 Capitonis
1456 2238 1669 2281 obsequium
1688 2237 1803 2272 domi·

248 2284 419 2319 nantibus
445 2286 561 2329 magis
581 2284 833 2329 probabatur.“
870 2284 993 2328 Quint.
1012 2285 1063 2321 II.
1084 2286 1137 2327 12,
1158 2286 1212 2320 10.
1232 2286 1304 2320 iam
1322 2285 1498 2320 collidere
1516 2296 1654 2326 manus,
1681 2287 1803 2319 terrae

249 2331 381 2376 pedem
414 2332 588 2372 incutere,
624 2331 750 2372 femur,
786 2335 924 2376 pectus,
960 2332 1119 2367 frontem
1151 2333 1302 2368 caedere
1335 2333 1426 2367 mire
1453 2333 1500 2367 ad
1524 2333 1706 2376 pullatum
1731 2332 1802 2366 cir·

250 2379 371 2413 culum
397 2378 526 2413 facit.
578 2378 702 2422 Quint.
735 2379 780 2414 X.
810 2381 840 2420 1,
868 2380 924 2415 33.
951 2391 1017 2414 nec
1052 2381 1310 2415 versicolorem
1342 2380 1454 2420 illam,
1491 2392 1560 2423 qua
1594 2379 1804 2413 Demetrius

250 2425 448 2460 Phalereus
467 2426 658 2460 dicebatur
674 2426 738 2468 uti,
757 2430 894 2461 vestem
912 2427 1004 2461 bene
1031 2428 1077 2461 ad
1095 2427 1276 2462 forensem
1301 2427 1490 2472 pulverem
1516 2426 1688 2462 faeere.
1726 2425 1807 2460 Nec

249 2473 445 2508 molestum
459 2476 513 2507 est
527 2473 572 2506 ad
590 2473 885 2508 facilitatem
905 2474 991 2508 addi
1008 2475 1150 2509 animi
1168 2478 1205 2509 et
1222 2475 1361 2508 nimia
1377 2474 1534 2508 facilitas
1548 2485 1621 2508 non
1634 2473 1743 2507 modo
1758 2473 1807 2507 ad

250 2523 393 2565 partem
419 2520 608 2562 stultitiae,
643 2520 707 2555 sed
733 2521 843 2555 etiam
877 2522 923 2556 ad
949 2521 1144 2556 stultitiam
1176 2522 1292 2566 ipsam
1324 2521 1445 2556 facere
1470 2521 1626 2555 videtur.
1676 2520 1804 2563 Neque

250 2568 363 2612 igitur
396 2570 451 2601 est
485 2568 581 2610 quod
616 2567 746 2601 durum
779 2568 848 2602 hoc
875 2568 919 2602 de
945 2580 1088 2603 morum
1118 2569 1343 2603 humanitate
1370 2572 1405 2602 et
1432 2569 1604 2603 comitate
1629 2567 1807 2601 iudicium

250 2615 441 2650 miremur:
480 2626 566 2648 nam
604 2618 640 2648 et
673 2615 940 2659 indulgentiam
973 2618 1084 2660 po‘eta
1116 2616 1282 2660 intellegi
1315 2616 1395 2650 vult
1429 2619 1466 2650 et
1496 2615 1803 2659 vituperationem

252 2661 382 2702 elevat,
411 2661 509 2705 quod
536 2673 618 2696 eam
642 2673 715 2695 non
732 2662 779 2697 ad
796 2663 1000 2703 stultitiam,
1029 2663 1092 2698 sed
1116 2664 1162 2698 ad
1179 2667 1321 2707 partem
1345 2663 1521 2697 stultitiae
1549 2663 1631 2706 (nos
1649 2661 1803 2696 dicimus

250 2708 360 2743 balbe
375 2688 606 2753 Lummheit)
624 2709 746 2744 facere
764 2709 865 2744 dicit.
908 2710 961 2745 Ut
987 2709 1071 2747 Sen.
1091 2722 1145 2755 ep.
1164 2710 1232 2746 IV.
1253 2710 1273 2744 5
1304 2711 1379 2756 (34)
1406 2711 1437 2745 3.
1465 2712 1609 2754 partem
1634 2719 1805 2754 magnam
