1967 3090
791 162 1082 203 -61-

259 279 331 320 Nil
361 280 496 333 magis
528 281 640 319 amat
680 278 894 332 cupiditas,
927 289 1048 330 quam
1070 277 1175 329 quod
1207 278 1287 318 nen
1308 277 1416 318 licet.

260 343 353 384 Nisi
386 342 567 384 vindices
600 342 761 390 delicta,
794 341 1099 394 improbitatem
1132 341 1285 382 iuves*

260 406 379 447 Nulli
411 406 573 448 facilius
606 407 726 459 quam
758 405 866 446 malo
899 405 1083 445 invenias
1115 417 1267 458 parem.
1613 407 1712 449 395.

159 472 228 513 20.
262 471 333 511 Nil
365 472 445 512 nen
476 470 667 511 acerbum
698 469 810 523 prius
843 470 918 517 est,
955 481 1075 522 quam
1108 469 1319 509 maturuit.

261 535 420 576 Nocere
452 546 569 587 posse
603 535 645 574 et
676 533 784 574 nelle
817 533 906 574 laus
940 532 1193 586 amplissima
1227 535 1300 573 est.

264 598 357 640 Non
389 598 584 646 vincitur,
617 597 687 638 sed
718 597 862 646 vincit,
897 598 964 650 qui
998 596 1108 638 cedIt
1139 597 1237 638 suis.

260 662 499 703 Necessitas
532 661 603 702 dat
633 661 784 715 legem.
821 674 900 703 non
931 662 1020 714 ipsa
1052 661 1219 715 accipit.

262 727 409 768 Nescio
441 726 539 780 quid
570 727 727 780 cegitat
758 726 883 774 aliud,
917 726 1006 767 mim
1041 726 1194 767 bonum
1217 726 1410 767 imitatur
1430 724 1576 766 malus,
1615 726 1716 768 400.

159 793 229 836 25.
262 791 387 833 Nulla
419 791 575 832 hemini
606 791 736 832 maior
766 791 894 844 poena
927 792 1003 839 est,
1037 803 1160 844 quam
1190 790 1445 831 mendicitas.

262 857 356 898 Non
388 856 502 896 novit
533 856 663 896 virtus
696 855 925 897 calamitati
957 855 1110 896 cedere.

262 920 498 961 Necessitas
531 920 581 960 ab
613 920 776 960 homine
809 919 915 973 quod
946 919 1036 960 vult
1067 919 1275 972 impetrat.

261 984 512 1025 Necessitati
544 983 753 1036 quedlibet
784 983 918 1024 telum
949 982 1053 1024 utile
1085 986 1161 1023 est.

263 1048 422 1089 Nocere
456 1060 571 1089 casus
604 1049 683 1089 nen
715 1046 822 1089 solet
854 1048 1121 1089 constantiae.
1615 1048 1717 1090 405.

161 1113 229 1156 30.
262 1112 356 1153 Non
386 1113 478 1165 pete
510 1124 591 1153 non
623 1124 776 1165 sapere,
811 1112 878 1165 qui
910 1124 952 1153 se
984 1111 1161 1152 stultum
1192 1111 1422 1164 intellegit.

261 1176 499 1218 Necessitas
531 1176 726 1229 egentem
756 1176 996 1217 mendacem
1028 1176 1142 1217 facit.

264 1241 357 1282 Non
389 1240 512 1281 facile
545 1240 655 1282 solus
688 1241 837 1290 serves,
871 1241 977 1294 quod
1007 1240 1150 1281 multis
1183 1240 1332 1294 placet.

263 1304 499 1346 Necessitas
532 1305 637 1358 quod
667 1306 813 1358 pescit,
847 1305 932 1346 nisi
966 1305 1051 1353 des,
1085 1305 1220 1358 eripit.

264 1370 423 1411 Nocens
454 1371 657 1422 precatur,
691 1369 882 1411 innocens
915 1370 1151 1411 irascitur*<
1614 1371 1714 1413 410.

163 1436 232 1478 35.
265 1434 352 1475 Nec
382 1433 469 1474 vita
501 1447 575 1475 nec
607 1433 768 1475 fortuna
802 1434 965 1487 propria
998 1436 1062 1475 est
1093 1434 1343 1476 heminibus.

265 1498 359 1539 Non
391 1498 549 1551 semper
583 1511 725 1538 aurem
755 1497 922 1538 facilem
952 1498 1076 1539 habet
1107 1497 1352 1539 facunditas.

266 1562 487 1615 Nunquam
518 1575 597 1603 non
627 1563 752 1603 miser
785 1564 859 1610 est,
894 1562 963 1615 qui
995 1562 1100 1615 quod
1131 1563 1280 1603 timeat
1313 1562 1484 1616 cogitat.

162 1708 201 1748 F,
228 1708 310 1743 Wo.
336 1707 394 1743 Ri.
422 1706 506 1751 Spe.
534 1707 689 1741 stultitia
716 1707 757 1741 fit
783 1719 888 1742 versu
923 1708 1063 1741 uncim's
1098 1708 1238 1741 incluso
1267 1706 1348 1742 Wo.
1387 1707 1430 1742 cf.
1465 1707 1560 1743 Phil.
1602 1707 1721 1742 XXII

164 1767 199 1799 p.
234 1755 314 1790 457.
349 1755 500 1788 nimium
531 1754 731 1788 concedere
767 1761 819 1788 est
855 1754 1040 1788 interdum
1075 1754 1258 1787 stoliditas
1293 1756 1483 1798 proposuit
1518 1755 1576 1789 Ri.
1612 1755 1722 1788 nimia

165 1801 397 1835 concedendo
424 1801 607 1835 interdum
631 1800 671 1834 fit
707 1802 863 1835 stultitia
897 1801 1044 1835 stultior
1070 1801 1210 1844 Meyer.
1246 1813 1280 1845 p.
1319 1802 1373 1836 31.
1411 1801 1548 1835 Versus
1585 1803 1720 1836 eiectus

165 1852 220 1883 est
257 1860 277 1882 a
311 1848 374 1882 Gr.
409 1848 470 1883 Or.
502 1847 567 1882 Bo.
603 1869 647 1873 —
686 1849 737 1882 17.
773 1849 826 1881 nil
859 1847 1014 1892 Ingolst.
1050 1849 1141 1881 nihil
1178 1847 1219 1881 F.
1256 1859 1365 1891 quam
1398 1849 1436 1882 id
1462 1849 1558 1892 quod
1584 1848 1651 1883 Bo.
1680 1870 1722 1873 -

167 1896 225 1931 18.
253 1895 399 1929 adiuves
427 1894 468 1929 F.
496 1915 539 1920 —
567 1895 621 1930 19.
648 1895 810 1929 invenies
836 1894 875 1935 F.
904 1895 968 1930 Gr.
996 1896 1055 1929 Or.
1085 1895 1150 1930 Bo.
1177 1895 1236 1929 Ri.
1262 1896 1426 1929 invenias
1451 1895 1534 1930 Wo.
1562 1895 1649 1939 Spe.
1676 1895 1721 1930 cf.

165 1942 274 1977 Publ.
305 1941 347 1975 M
374 1942 555 1986 6361711.
583 1963 625 1966 —
653 1942 708 1977 20.
736 1943 789 1975 nil
814 1942 969 1987 Ingolst.
998 1942 1060 1976 Gr.
1087 1942 1148 1977 Or.
1175 1942 1240 1976 Bo.
1268 1942 1350 1976 Wo.
1376 1942 1434 1976 Ri.
1463 1942 1514 1986 Sp
1517 1953 1545 1975 e.
1572 1941 1721 1977 nihilF.

164 1990 376 2033 priusquam
394 1988 432 2028 F.
453 1988 514 2023 Gr.
535 1988 595 2024 Or.
614 1989 679 2024 Bo.
694 1988 776 2023 Wo.
804 1988 861 2023 Ri.
882 1988 964 2032 Spe.
985 1993 1039 2023 est
1057 2000 1126 2023 om.
1141 1989 1181 2029 F,
1202 1988 1327 2022 addidi
1345 2000 1390 2022 ex
1415 1990 1509 2023 coni.
1543 1993 1724 2023 maturum

166 2035 207 2070 fit
240 2035 270 2070 F
295 2037 330 2080 (,
335 2047 409 2069 non
435 2036 502 2069 sit‘·‘
530 2035 630 2080 Wo.)
656 2048 702 2069 m.
731 2037 797 2069 siet
825 2035 980 2079 Ingolst.
1005 2036 1068 2073 (cf.
1088 2035 1290 2070 Woelfflin
1316 2035 1415 2071 Prol.
1441 2048 1476 2080 p.
1504 2036 1565 2080 58)
1590 2048 1636 2071 m.
1655 2036 1723 2069 fuit

166 2082 230 2118 Gr.
257 2082 317 2117 Or.
344 2082 410 2117 Bo.
437 2082 519 2115 Wo.
546 2082 603 2117 Ri.
633 2082 716 2136 Spe.
743 2083 920 2116 maturuit
954 2083 1082 2126 scripsi
1116 2094 1159 2116 ex
1200 2083 1293 2116 coni.
1331 2104 1374 2107 —
1410 2084 1465 2118 21.
1501 2082 1649 2126 ampliss
1652 2084 1723 2116 ima

167 2134 221 2163 est
254 2129 409 2173 Ingolst.
437 2132 489 2162 est
517 2129 647 2173 amplis
651 2131 739 2163 sima
772 2129 812 2162 F.
847 2129 993 2163 laudem
1028 2130 1096 2163 sibi
1135 2134 1332 2174 praeparat
1371 2130 1587 2174 ampliorem
1612 2129 1651 2165 Τ.
1681 2151 1724 2155 -

166 2178 222 2212 22.
249 2177 346 2211 cedit
373 2176 444 2209 suis
471 2174 533 2211 Gr.
563 2177 634 2209 suis
662 2177 759 2210 cedit
784 2176 823 2210 F.
853 2197 896 2201 ——
923 2177 978 2211 24.
1007 2178 1144 2220 cogitat
1171 2176 1211 2217 F,
1239 2175 1302 2210 Grr.
1331 2176 1393 2212 Or.
1421 2178 1536 2220 agitat
1556 2176 1622 2210 Bo.
1642 2177 1724 2210 Wo.

167 2223 225 2257 Ri.
251 2222 467 2266 nescioquid
493 2222 578 2267 Spe.
605 2224 731 2257 aliud
757 2224 893 2257 inserui
920 2234 963 2256 ex
990 2225 1082 2257 coni.
1102 2245 1145 2248 -
1164 2224 1219 2258 25.
1239 2235 1274 2256 n.
1301 2228 1355 2257 est
1382 2235 1429 2257 m.
1460 2224 1598 2257 homini
1623 2236 1658 2267 p.
1684 2223 1725 2258 T.

166 2282 200 2304 11.
226 2270 414 2303 hominum
438 2281 486 2304 m.
513 2281 548 2313 p.
576 2272 629 2303 est
655 2270 696 2311 F,
724 2270 863 2303 homini
888 2270 972 2304 Wo.
1000 2271 1187 2303 hominum
1214 2269 1275 2304 Gr.
1305 2270 1366 2305 Or.
1394 2282 1501 2313 quam
1527 2270 1723 2304 infelicitas

167 2316 206 2350 F.
234 2316 297 2352 Gr.
325 2316 387 2351 Or.
414 2316 496 2350 Wo.
524 2316 608 2360 Spe.
630 2328 741 2360 ‚quam
768 2318 997 2351 necessitatis
1024 2318 1146 2361 inopia
1165 2317 1204 2357 T,
1232 2329 1342 2360 quam
1366 2318 1565 2351 necessitas
1585 2317 1722 2361 Haupt.

167 2363 261 2397 Phil.
288 2363 318 2398 I.
345 2375 380 2408 p.
408 2364 486 2398 665.
513 2364 692 2407 probante
715 2364 773 2398 iti.
800 2364 1016 2397 mendicitas
1035 2365 1165 2408 scripsi
1183 2375 1226 2398 ex
1245 2365 1468 2398 coniectura.
1489 2385 1532 2389 ——
1551 2364 1608 2398 27.
1634 2375 1725 2407 quae

167 2423 198 2443 v.
225 2409 255 2444 F
281 2411 327 2444 cf.
354 2410 459 2445 Publ.
487 2410 523 2444 A
549 2411 604 2445 223.
633 2432 676 2435 —
703 2411 758 2445 223).
785 2410 840 2445 Cf.
867 2410 973 2444 Publ.
1001 2410 1035 2444 N
1060 2412 1104 2445 26
1130 2411 1243 2455 (4021.
1284 2432 1328 2436 -—
1364 2412 1420 2446 3⁴1».
1454 2414 1542 2455 pote
1568 2410 1724 2456 Ingolst.

168 2461 289 2510 potest
315 2456 356 2490 F.
384 2478 428 2482 ——
455 2457 509 2491 31.
538 2461 705 2502 egentem
730 2457 770 2497 F.
798 2468 953 2502 egenum
978 2458 1082 2491 malit
1107 2458 1175 2492 Bo.
1200 2458 1413 2537 mendajcem
1439 2457 1479 2499 F,
1519 2458 1725 2492 mendicum

169 2504 261 2537 coni.
288 2503 545 2539 Buechelerus.
573 2524 618 2528 —
644 2506 701 2538 3‘1.
729 2487 839 2538 solus&
852 2515 972 2537 serves
999 2504 1038 2544 F,
1072 2504 1134 2539 Gr.
1170 2504 1231 2539 Or.
1387 2504 1446 2540 Ri.
1483 2504 1569 2548 Spe.
1604 2515 1724 2538 serves

169 2551 266 2585 solus
299 2551 365 2584 Bo.
392 2571 437 2575 —
463 2551 519 2585 321.
544 2551 614 2584 nisi
640 2551 702 2585 des
729 2552 821 2586 coni.
848 2550 932 2585 Wo.
960 2550 1024 2588 (cf
1050 2551 1149 2586 Prol.
1175 2563 1210 2594 p.
1239 2552 1300 2588 5111
1321 2516 1577 2595 Oprobantibus
1603 2551 1660 2586 Ri.
1689 2556 1723 2585 et

169 2596 252 2641 Spe.
278 2598 350 2631 m'si
382 2597 525 2631 dederis
551 2597 591 2631 F.
618 2599 654 2631 ni
681 2598 824 2631 dederis
849 2592 1006 2642 Ingolst.
1034 2598 1104 2631 nisi
1130 2598 1195 2631 das
1223 2598 1287 2632 Gr.
1315 2597 1377 2633 Or.
1396 2598 1460 2632 Bo.
1489 2619 1532 2623 ——
1559 2599 1614 2633 31.
1641 2609 1724 2642 rpo-

169 2645 285 2688 priast
311 2645 405 2678 coni.
433 2644 517 2688 Sp.e
544 2648 579 2678 et
606 2644 862 2678 Buechelerus.
895 2645 1036 2688 recepit
1061 2644 1119 2679 Ri.
1153 2649 1331 2688 perpetua
1366 2651 1420 2679 est
1452 2645 1659 2678 hominibus
1685 2644 1724 2683 F.

169 2691 206 2725 h.
231 2702 361 2735 perpes
388 2695 442 2725 est
460 2656 532 2724 lGrr.
560 2690 621 2726 Or.
648 2691 714 2726 Bo.
741 2691 823 2725 Wc.
850 2703 885 2724 n.
911 2703 944 2724 V.
978 2691 1186 2725 hominibus
1218 2703 1252 2726 n.
1286 2691 1309 2727 f.
1344 2703 1475 2735 perpes
1509 2696 1563 2726 est
1590 2691 1661 2725 ΕΓ(
1664 2691 1725 2725 eh-

171 2737 311 2771 lichius.
338 2759 382 2763 -
409 2738 464 2772 36.
490 2737 600 2772 habet
627 2738 787 2772 facilitas
813 2737 853 2778 F,
881 2737 1040 2772 facilitas
1066 2738 1176 2772 habet
1203 2738 1371 2781 meyerus
1399 2739 1482 2772 coll.
1501 2738 1607 2773 Publ.
1635 2738 1654 2771 Ι
1680 2738 1725 2772 4ιὸ

170 2785 272 2829 (278)
304 2785 484 2828 probante
518 2784 601 2820 Wo.
628 2785 737 2818 habet
773 2785 930 2818 felicitas
965 2784 1027 2820 Gr.
1055 2784 1116 2820 Or.
1143 2785 1208 2820 Bo.
1236 2784 1294 2820 Ri.
1322 2785 1404 2829 Spe.
1433 2806 1475 2810 -—
1503 2786 1558 2820 37.
1594 2786 1721 2818 timeat
