1967 3090
849 82 1169 127 —232—

230 198 436 231 maluissem
464 197 594 231 offerre
621 207 729 240 quam
762 197 918 232 tradere.
945 198 1033 241 quid
1059 210 1148 242 opus
1176 198 1243 233 fuit
1270 199 1435 234 auferre?
1473 201 1637 245 accipere
1663 203 1783 246 potui-

231 245 306 279 stis,
333 245 396 279 sed
423 256 467 277 ne
494 256 588 278 nunc
615 243 761 287 quidem
786 244 969 285 auferetis,
1003 245 1085 289 quia
1113 245 1205 279 nihil
1231 247 1386 290 eripitur
1411 248 1480 281 nisi
1506 249 1689 284 retinenti.

328 293 380 326 14.
416 291 519 325 Haec
546 291 727 325 sententia
752 291 841 335 quid
867 292 935 326 sibi
961 293 1072 326 vellet
1100 293 1235 327 frustra
1262 295 1517 337 quaesiverunt
1553 296 1782 339 interpretes.

230 338 408 373 Grruterus
447 339 593 382 quidem
628 338 756 372 w'tium
794 339 831 372 in
863 351 895 374 v.
923 340 1173 374 remedium
1208 339 1322 375 latere
1356 347 1453 375 ratus
1480 342 1618 377 adscito
1644 342 1783 379 Herod.

231 385 282 420 H.
311 388 367 421 96.
394 398 464 430 quo
490 387 572 420 loco
598 386 869 430 Aegyptiorum
895 388 1039 432 navigia
1066 387 1243 430 ‹Vluaedain
1269 391 1396 422 contra
1422 388 1555 423 flumen
1575 401 1694 424 meare
1712 402 1784 425 non

232 444 347 477 posse.
375 434 444 467 nisi
471 433 675 467 luculentus
702 433 849 477 ingruat
877 439 1016 474 ventus,
1045 438 1205 468 ceterum
1231 446 1250 468 e
1268 439 1365 469 terra
1383 436 1548 479 protrahi
1566 437 1690 477 tradit,
1718 449 1784 481 pro

230 481 493 515 remedium
521 480 753 515 scribendum
781 485 904 515 censet
929 482 1193 525 remigium:
1222 483 1366 527 egregie
1393 483 1490 517 enim
1508 483 1577 517 hoc
1594 484 1785 519 transferri

230 529 275 562 ad
310 529 423 562 vitani
457 528 663 565 humanam,
699 529 854 571 proinde
888 540 928 562 ac
964 529 993 562 si
1019 531 1129 573 po'e'ta
1157 529 1253 563 idem
1279 534 1437 570 moneat,
1466 531 1563 573 quod
1588 530 1784 576 Euripides

229 574 325 619 apud
352 576 454 611 Stob.
484 575 599 610 Serui.
629 574 728 610 CVI.
755 579 817 610 aut
843 575 925 611 Sen.
953 588 1009 620 ep.
1036 575 1120 610 XX.
1149 577 1167 607 5
1194 577 1297 621 (122)
1328 577 1381 612 19.
1408 588 1452 611 ne
1479 578 1557 620 quis
1578 581 1706 612 contra
1723 590 1785 612 na-

229 628 349 657 turam
376 624 526 657 nitatur.
579 622 668 666 Quis
695 633 782 657 vero
809 626 862 657 est
890 623 948 665 qui
974 626 1037 657 aut
1063 623 1230 657 fraudem
1257 631 1317 657 aut
1346 624 1488 658 irritum
1507 628 1621 668 putet,
1650 626 1679 659 si
1706 626 1785 669 quis

232 681 373 705 novam.
402 682 470 714 qua
496 670 649 704 adverso
676 670 823 703 flumine
850 671 952 704 navis
980 670 1089 715 dirigi
1115 671 1243 714 possit.
1271 672 1448 705 rationein
1468 672 1632 706 invenire
1659 673 1786 707 studu-

229 717 319 752 erit?
357 718 492 751 Contra
522 718 654 751 flumen
681 720 802 751 autem
828 718 999 762 navigare
1026 721 1061 751 et
1087 721 1215 752 contra
1241 722 1408 752 naturam
1435 719 1504 752 niti
1526 730 1599 753 non
1618 719 1668 753 ita
1689 720 1786 754 inter

230 776 267 798 se
302 766 435 799 similia
470 768 563 805 sunt,
600 768 637 798 ut
666 764 821 798 alterum
847 765 956 798 alteri
983 776 1050 808 par
1075 765 1200 799 haberi
1226 766 1360 809 possit:
1401 765 1556 800 alterum
1583 767 1679 801 enim
1705 766 1784 801 fieri

229 811 350 855 aliquo
376 812 524 857 negotio
551 815 683 855 potest.
711 811 865 845 alterum
893 812 1040 846 omnino
1067 823 1140 845 11011
1168 816 1300 856 potest.
1329 812 1382 847 Cf.
1410 813 1487 848 1111·ε
1515 813 1583 847 IV.
1611 814 1667 849 89.
1694 826 1785 848 nun-

229 870 336 901 quam
371 860 507 894 direxit
532 859 706 893 bracchia
740 862 869 892 contra
903 863 1114 893 torrentem.
1166 858 1243 893 Nec
1270 872 1355 894 vero
1381 859 1540 895 Bentleii
1575 861 1785 896 coniectura

228 917 373 940 versum
409 918 494 940 sana
523 907 703 939 sententia
730 906 890 940 donavit.
931 905 1109 940 Veterum
1136 907 1232 940 enim
1257 908 1441 941 neminem
1467 919 1625 951 unquam
1652 912 1714 942 aut
1740 909 1784 943 de

229 952 391 987 fulminis
418 955 451 988 vi
473 954 675 998 frangenda
704 957 763 987 aut
791 954 866 987 eius
894 954 947 987 rei
973 953 1137 988 remedio
1156 955 1377 998 cogitavisse
1401 966 1459 988 me
1477 955 1599 997 legere
1617 956 1783 992 memini:

226 1001 323 1043 quod
361 1013 443 1035 eum
482 1012 555 1034 non
594 1001 844 1044 processisset,
884 1005 1012 1045 postea
1046 1004 1173 1035 contra
1208 1001 1347 1035 fulmen
1381 998 1582 1036 remedium
1609 1014 1785 1046 quaerere

224 1049 375 1091 perinde
402 1049 541 1082 dictum
568 1059 656 1088 esse,
691 1052 729 1081 ut
757 1049 931 1092 coepisse,
960 1049 1057 1091 quod
1090 1047 1169 1082 fieri
1196 1050 1374 1091 nequiret.
1426 1048 1515 1082 Cum
1542 1061 1608 1083 nec
1635 1049 1785 1084 Gruteri

225 1106 290 1129 nec
317 1095 478 1130 Bentleii
504 1095 796 1130 emendationem
822 1095 913 1129 bene
940 1096 1132 1130 succedere
1158 1096 1332 1131 viderem.
1362 1096 1461 1130 aliud
1488 1097 1689 1131 remedium
1715 1098 1783 1132 cir·

227 1143 540 1187 cumspiciendum
578 1147 666 1177 erat.
719 1143 776 1176 Ac
801 1143 961 1186 primum
988 1143 1136 1186 quidem
1163 1143 1200 1176 in
1227 1143 1361 1177 codicis
1388 1143 1417 1176 F
1445 1144 1627 1187 scriptura
1654 1145 1783 1179 fraus

226 1193 296 1223 est
322 1191 460 1233 aliquid
486 1191 602 1224 inesse
631 1191 708 1223 sani
736 1190 900 1224 videtur:
934 1194 1011 1223 tum
1039 1201 1123 1224 vero
1151 1189 1327 1224 flumen
1354 1191 1495 1224 aurium
1522 1191 1627 1235 lapsu
1653 1191 1783 1235 depra-

227 1240 348 1271 vatum
384 1249 427 1271 ex
454 1238 635 1281 vulpem
670 1237 791 1272 credo.
831 1237 928 1271 Vide
954 1237 1069 1281 praef.
1097 1249 1131 1281 p.
1160 1237 1214 1272 1⁴⁵.
1244 1236 1324 1281 Qua
1351 1238 1608 1272 emendatione
1636 1243 1783 1283 recepta

226 1296 244 1317 a
271 1283 432 1319 Publilio
460 1284 643 1319 Graecum
669 1284 760 1318 illud
787 1285 1022 1328 proverbium
1047 1284 1237 1318 redditum
1263 1295 1341 1318 esse
1369 1289 1534 1328 apparet,
1562 1297 1632 1328 quo
1651 1286 1785 1320 dicitur

224 1330 456 1372 ἀλωπεκίζειν
483 1332 570 1377 πρὸς
595 1333 720 1376 ἑτέραν
747 1331 925 1366 ἀλώπεκα.
965 1331 1019 1367 Cf.
1047 1331 1183 1366 Zenob.
1210 1331 1240 1365 Ῑ.
1268 1332 1323 1367 70.
1351 1332 1388 1365 in
1414 1332 1509 1366 libro
1537 1344 1555 1366 a
1582 1332 1782 1368 Leutsohio

224 1382 259 1412 et
293 1378 570 1414 Schneidewino
609 1379 720 1419 edite,
761 1380 821 1422 qui
852 1379 1062 1413 inscribitur
1096 1378 1425 1423 Paroemiographi
1462 1379 1595 1414 Graeci
1628 1383 1715 1414 tom.
1752 1379 1782 1415 I.

223 1438 257 1470 p.
290 1427 345 1461 25.
384 1426 459 1461 Ubi
493 1430 528 1461 et
560 1427 674 1461 ceteri
706 1427 926 1470 scriptorum
960 1426 1031 1460 loci
1066 1426 1269 1460 afferuntur
1311 1430 1344 1460 et
1379 1426 1470 1460 haec
1505 1428 1780 1471 interpretatio:

223 1474 280 1505 ἐπὶ
319 1473 395 1506 τών
431 1475 615 1514 ἐξαπατᾶν
654 1474 909 1519 ἐγχειρούντων
947 1473 1028 1508 τοὺς
1066 1472 1221 1515 ὁμοῖοι-ς.
1273 1473 1382 1507 Lenz.
1419 1474 1594 1518 ZOOlogie
1621 1475 1655 1509 d.
1683 1475 1782 1508 alten

223 1520 407 1555 Griechen
432 1534 466 1556 u.
492 1521 662 1557 Roemer.
690 1534 724 1565 p.
753 1521 832 1556 120.
872 1520 1039 1554 Verbum
1059 1520 1241 1555 Graecum
1259 1519 1434 1554 Erasmus
1454 1522 1491 1554 in
1508 1522 1631 1567 Adag.
1650 1534 1684 1565 p.
1705 1522 1782 1557 642.

223 1569 306 1604 coll.
346 1581 380 1612 p.
408 1570 487 1603 371.
515 1569 656 1604 01608.
696 1569 808 1602 latine
840 1569 1103 1612 interpretatus
1139 1572 1193 1601 est
1229 1568 1530 1612 ,.vulpina1·i:“
1565 1580 1636 1612 quo
1671 1569 1782 1603 verbo

224 1615 431 1650 Varronem
456 1628 560 1649 usum
588 1627 665 1650 esse
692 1619 820 1650 auctor
846 1619 899 1650 est
927 1615 1066 1650 Nonius
1093 1615 1290 1649 Marcellus
1319 1627 1353 1659 p.
1380 1616 1436 1650 413.
1464 1616 1535 1657 (ed.
1556 1615 1725 1650 Gerlach.
1745 1620 1782 1650 et

225 1663 337 1698 Roth.
365 1676 399 1707 p.
427 1664 513 1708 32.)
551 1662 687 1697 Versus
714 1662 917 1697 Publiliani
951 1663 1062 1697 verba
1097 1664 1147 1696 sic
1174 1666 1362 1697 construe:
1405 1663 1627 1703 „remedium
1654 1666 1783 1698 contra

221 1710 370 1754 vulpem
397 1714 451 1744 est
477 1711 643 1745 fraudem
669 1722 848 1754 quaerere.
859 1713 875 1729 “
915 1710 1133 1744 Remedium
1159 1710 1256 1743 enim
1283 1713 1319 1743 et
1346 1721 1427 1744 cum
1454 1711 1624 1755 genetivo
1645 1714 1782 1744 etcum

222 1758 554 1802 praepositionibus
591 1762 752 1792 contra
786 1758 845 1791 vel
878 1757 1102 1791 adversus
1137 1757 1371 1801 coniungitur
1405 1756 1448 1790 cf.
1478 1756 1561 1791 8011.
1589 1758 1633 1792 de
1660 1758 1702 1793 ir.
1728 1757 1781 1793 II.

223 1805 278 1846 20,
306 1806 338 1840 4.
375 1817 429 1849 ep.
456 1804 525 1839 VI.
560 1806 582 1839 4
607 1806 687 1849 (56)
714 1806 768 1839 15.
809 1804 934 1848 Quint.
962 1803 1030 1838 IV.
1067 1805 1097 1843 2.
1128 1804 1206 1838 101.
1234 1802 1279 1839 V.
1315 1804 1346 1838 2.
1375 1805 1405 1839 5.
1434 1803 1632 1848 Vulpem
1659 1807 1782 1838 autem

222 1854 333 1886 astuti
366 1852 522 1886 hominis
557 1863 712 1896 persona
746 1853 785 1886 in
818 1851 952 1886 fabulis
988 1852 1160 1885 donatam
1192 1852 1303 1885 etiam
1337 1851 1383 1885 ad
1417 1856 1556 1885 eeteros
1584 1852 1781 1896 scriptores

223 1901 432 1943 pervenisse
458 1912 531 1933 non
557 1900 649 1933 latet
675 1899 719 1935 cf.
747 1898 892 1934 Lucret.
921 1898 967 1934 V.
995 1899 1075 1934 863.
1113 1898 1186 1934 Cic.
1214 1898 1273 1933 off.
1300 1897 1330 1933 Ι.
1360 1899 1412 1933 13.
1440 1898 1532 1934 Hor.
1559 1899 1606 1933 A.
1634 1899 1673 1934 P.
1701 1899 1781 1934 437.

221 1945 320 1981 Pers.
348 1947 393 1981 V.
425 1947 502 1982 117.
541 1946 788 1989 Quamobrem
823 1947 1004 1981 sententia
1037 1946 1176 1979 nullam
1211 1945 1256 1979 ab
1292 1949 1413 1979 astuto
1449 1946 1595 1980 homine
1623 1946 1780 1980 defensi-

223 2005 329 2028 onem
362 1995 432 2028 nisi
467 1994 594 2028 fraude
625 2006 703 2028 esse
737 1994 856 2028 docet.
908 1993 987 2037 Qua
1023 1994 1067 2027 de
1102 1993 1282 2027 sententia
1317 1992 1362 2027 cf.
1390 1992 1496 2028 Publ.
1526 1992 1557 2037 Q
1587 1994 1630 2027 10
1664 1993 1778 2038 (510).

221 2040 340 2076 Plaut.
366 2041 500 2077 Bacch.
527 2040 596 2076 IV.
622 2042 654 2077 4.
682 2042 715 2076 4.
751 2041 927 2075 callidum
961 2052 1083 2074 senem
1118 2040 1260 2074 callidis
1295 2040 1389 2073 dolis
1423 2041 1585 2084 compuli
1620 2044 1655 2074 et
1698 2052 1778 2085 per-

221 2089 298 2131 puli
333 2089 422 2122 mihi
448 2090 568 2123 omnia
596 2092 634 2122 ut
660 2089 837 2123 crederet.
865 2087 946 2123 Liv.
973 2089 1029 2122 21.
1057 2089 1112 2122 34.
1140 2087 1192 2121 ibi
1217 2098 1290 2120 non
1316 2087 1414 2121 bello
1441 2091 1580 2131 aperto,
1617 2088 1681 2122 sed
1707 2088 1780 2121 suis

221 2137 359 2170 artibus
398 2136 526 2170 fraude
566 2140 600 2169 et
635 2136 776 2170 insidiis
812 2139 867 2170 est
899 2147 1013 2179 prope
1040 2136 1317 2169 circumventus.
1353 2134 1407 2175 23,
1436 2135 1490 2169 3-5.
1538 2134 1621 2169 Sen.
1646 2135 1779 2179 Agam.

221 2184 300 2219 630.
328 2185 406 2219 631.
434 2187 469 2217 et
496 2183 599 2217 licuit
627 2195 772 2217 versare
799 2183 914 2223 dolosy
942 2186 980 2216 ut
1008 2183 1080 2226 ipsi
1105 2182 1231 2215 fraude
1259 2192 1322 2214 sua
1348 2182 1520 2216 caderent
1546 2181 1708 2225 Pelasgi.

318 2233 371 2266 15.
390 2230 605 2264 Benefici
618 2242 687 2263 um
706 2231 781 2264 eius
802 2231 1173 2274 interpretamentum
1191 2229 1343 2269 videtur,
1363 2229 1461 2271 quod
1477 2229 1522 2264 A.
1543 2228 1780 2274 Spengelium

221 2281 320 2312 recte
358 2278 565 2321 reposuisse
605 2278 726 2318 credo,
767 2277 814 2311 of
820 2277 990 2311 ficium.
1051 2276 1108 2310 De
1148 2287 1217 2319 quo
1258 2276 1488 2319 corruptelae
1528 2287 1662 2321 genere
1695 2276 1779 2310 vide

221 2325 336 2368 praef.
364 2337 398 2369 p.
429 2326 481 2359 15.
532 2324 636 2359 Inter
662 2324 883 2359 officium
910 2328 946 2358 et
971 2324 1256 2358 beneficium
1282 2323 1369 2366 quid
1395 2323 1542 2356 intersit
1568 2323 1675 2357 docet
1695 2322 1778 2357 Sen.

222 2372 266 2406 de
292 2372 413 2407 benef.
440 2371 512 2406 HI.
541 2372 594 2413 18,
624 2373 654 2406 1.
687 2371 907 2406 beneficium
934 2382 1010 2405 esse
1037 2371 1134 2415 quod
1162 2370 1301 2404 alienus
1328 2369 1398 2409 det,
1431 2371 1491 2413 qui
1515 2370 1677 2414 potuerit
1703 2370 1780 2404 sine

225 2420 506 2463 reprehensione
533 2430 686 2460 cessare,
713 2419 874 2453 officium
901 2430 979 2452 esse
1006 2418 1082 2459 filii,
1111 2418 1245 2458 uxoris,
1273 2428 1395 2451 earum
1415 2428 1663 2460 personarum,
1690 2428 1778 2460 quas

222 2467 455 2501 necessitudo
490 2467 640 2500 suscitet
675 2470 711 2500 et
738 2466 834 2499 ferre
861 2477 968 2510 opem
993 2465 1126 2499 iubeat.
1177 2464 1233 2502 De
1261 2465 1441 2498 sententia
1469 2463 1515 2499 cf.
1542 2463 1647 2498 Publ.
1675 2463 1708 2507 Q
1733 2464 1777 2499 39

221 2514 331 2559 (539).
384 2514 466 2548 8011.
494 2514 539 2548 de
565 2513 685 2547 benef.
713 2512 764 2547 Π.
794 2514 824 2553 1,
841 2514 873 2548 3.
901 2513 1081 2556 optimum
1099 2515 1154 2545 est
1175 2511 1391 2545 antecedere
1418 2511 1640 2545 desiderium
1658 2511 1776 2544 cuius-

223 2572 301 2604 que,
337 2562 546 2605 proximum
579 2561 691 2603 sequi.
726 2560 819 2594 illud
845 2560 973 2594 melius
1000 2570 1200 2603 occupare,
1234 2562 1429 2601 antequam
1462 2569 1650 2602 rogemur,
1683 2558 1776 2601 quia,

222 2619 303 2641 cum
328 2608 469 2642 homini
495 2607 612 2651 probo
639 2607 685 2640 ad
710 2607 914 2651 rogandum
940 2618 979 2640 os
1005 2609 1197 2641 concurrat
1225 2609 1261 2639 et
1288 2604 1518 2639 suffundatur
1552 2604 1673 2644 rubor,
1716 2605 1777 2647 qui

221 2655 289 2689 hoc
315 2658 539 2689 tormentum
565 2655 729 2692 remittit,
765 2654 984 2698 multiplicet
1012 2665 1141 2688 munus
1170 2664 1282 2686 suum.
1328 2651 1411 2686 Sen.
1446 2652 1490 2685 de
1519 2651 1636 2687 benef.
1664 2650 1716 2686 II.
1743 2651 1774 2691 2,

223 2704 251 2736 1.
280 2702 475 2736 molestum
501 2702 654 2736 verbum
680 2705 745 2742 est,
781 2712 985 2740 onerosum,
1014 2701 1170 2734 demisso
1196 2699 1299 2732 vultu
1325 2699 1519 2732 dicendum
1544 2709 1644 2743 rogo.
1671 2698 1776 2732 huius
