1967 3090
795 194 848 197 —
915 170 997 212 133
1060 193 1116 198 —

180 285 389 320 iracundiae
415 288 547 320 careat.
575 285 605 326 ὃ,
636 286 689 320 11.
716 284 806 318 illud
833 284 954 318 dicere
981 284 1068 318 satis
1101 284 1217 318 habeo
1243 284 1334 319 nihil
1362 295 1440 319 esse
1467 295 1540 318 non
1565 284 1673 318 modo
1700 284 1736 317 in

181 332 329 373 orando,
358 333 421 367 sed
446 333 483 366 in
510 333 607 366 omni
634 333 709 366 vita
734 332 833 376 prius
865 331 1028 365 consilio.

275 380 329 415 12.
356 379 541 414 Patientia
567 391 648 414 cum
674 379 822 412 summis
847 382 1012 412 veterum
1040 378 1259 422 scriptorum
1277 379 1446 413 laudibus
1465 379 1589 413 efferri
1609 378 1735 418 soleat,

181 426 278 470 quod
305 428 464 460 omnium
492 426 659 460 dolorum
685 437 795 459 unum
822 425 908 465 fere,
936 436 1135 465 commune,
1172 430 1313 459 certum
1339 426 1543 460 remedium
1569 426 1634 461 sit:
1671 437 1737 460 nec

182 474 289 508 alteri
307 475 511 518 scripturae
526 474 661 508 codicis
680 472 718 506 H
744 484 758 506 s
770 483 790 506 a
804 473 957 516 pienti
969 483 999 512 a,
1020 472 1121 505 cuius
1136 472 1172 506 in
1190 472 1350 507 ferendis
1370 473 1556 507 doloribus
1575 473 1736 518 angusti-

178 532 262 555 ores
289 525 412 565 partes
433 522 515 561 sint,
535 532 602 555 nec
627 519 880 554 remedium
907 519 1084 553 librorum
1103 519 1134 553 ei
1155 520 1352 554 concedere
1370 520 1489 561 debet,
1510 520 1606 564 quod
1624 520 1735 554 Bent-

180 568 270 603 leius
285 569 476 612 proposuit
497 579 544 602 re
556 579 590 601 m
602 567 724 601 edio:
748 578 818 611 quo
833 567 955 601 dativo
970 567 1150 610 patientia
1167 567 1265 600 inter
1283 567 1355 600 alia
1374 568 1552 610 quaedam
1571 567 1737 601 dolorum

179 616 340 650 remedia
366 615 548 655 adiuvare,
584 625 658 648 non
685 614 761 648 sola
786 625 909 647 omnes
935 613 1080 648 dolores
1114 613 1245 648 tollere
1271 614 1425 649 dicatur.
1476 614 1576 648 Hinc
1609 626 1737 649 versus

181 663 398 697 sententiam
423 666 523 696 recte
550 664 735 695 assecutus
762 665 817 695 est
842 660 1014 695 Erasmus
1049 660 1099 694 sic
1125 661 1406 705 interpretatus:
1459 660 1609 702 „Omnis
1635 661 1738 696 dolor

178 710 313 744 lenitur
339 709 526 754 patientia.
576 708 663 742 Alia
697 709 777 742 aliis
810 708 916 742 malis
949 711 1033 742 sunt
1064 708 1228 742 remedia
1263 712 1299 742 et
1333 708 1514 752 patientia
1549 720 1738 743 commune

178 760 234 791 est
271 757 448 791 malorum
487 756 646 790 omnium
684 755 958 789 lenimentuin.“
1021 754 1075 790 Cf.
1111 754 1232 789 Plaut.
1268 755 1363 790 Rud.
1403 755 1454 790 ΙΙ.
1491 756 1522 796 3,
1560 756 1614 790 71.
1654 767 1738 789 nam

179 805 319 838 animus
347 815 480 848 aequus
507 803 685 847 optimum
711 807 766 837 est
792 814 987 837 aerumnae
1013 802 1295 838 condimentum.
1346 802 1459 847 Verg.
1477 802 1572 836 Aen.
1591 802 1638 838 V.
1657 803 1736 838 710.

178 851 349 895 quicquid
383 852 468 892 erit,
511 850 715 894 superanda
754 850 870 884 omnis
903 849 1050 883 fortuna
1084 849 1235 884 ferendo
1271 853 1336 885 est.
1406 848 1653 885 Pseudo-Seu.
1693 850 1737 884 de

180 909 269 933 mor.
297 899 328 934 6.

275 947 328 980 13.
356 944 450 989 „Qui
476 945 544 979 sibi
570 945 735 979 conscius
763 956 905 989 semper
930 945 1037 978 timet
1055 944 1284 988 supplicium,
1318 944 1347 977 is
1368 944 1503 978 cotidie
1522 944 1737 978 damnatur-¹

177 992 363 1027 Erasmus.
426 991 603 1026 Damnari
641 992 775 1026 dicitur
813 995 1009 1036 propterea
1047 991 1144 1035 quod
1176 1002 1320 1035 semper
1353 991 1492 1032 timeat,
1532 1003 1577 1026 ne
1613 991 1738 1025 delicti

176 1050 332 1084 poenam
359 1039 503 1074 subeat:
537 1050 642 1074 nemo
678 1039 774 1074 enim
808 1042 931 1083 potest
964 1039 1161 1083 significari
1194 1039 1265 1072 nisi
1299 1039 1359 1082 qui
1395 1039 1557 1073 criminis
1583 1039 1736 1073 alicuius

178 1087 245 1121 sibi
265 1087 429 1121 conscius
448 1091 513 1122 est.
549 1086 655 1121 Unde
675 1086 832 1121 efficitur
850 1086 1007 1120 Nauckii
1025 1086 1290 1126 emendatione,
1310 1097 1392 1120 cum
1410 1098 1477 1130 pro
1496 1086 1627 1120 damn
1639 1090 1739 1120 atur

178 1134 288 1168 scribi
314 1134 420 1168 malit
446 1135 746 1168 exanimatur
771 1145 844 1167 non
863 1145 951 1178 opus
971 1145 1048 1168 esse
1076 1132 1182 1177 (Mel.
1211 1132 1548 1169 Greoo-Rom.111.
1575 1146 1610 1178 p.
1644 1134 1738 1177 193).

178 1181 232 1217 Cf.
269 1181 352 1216 Sen.
387 1193 442 1225 ep.
478 1181 583 1216 XVI.
618 1182 638 1216 2
664 1182 743 1226 (97)
786 1181 832 1215 ti.
870 1182 922 1216 16.
958 1181 1092 1215 multos
1127 1180 1272 1215 fortuna
1305 1180 1439 1215 liberat
1472 1192 1604 1225 poena,
1638 1184 1739 1214 metu

177 1229 371 1270 neminem.

278 1277 328 1311 14.
357 1276 471 1317 „Cum
498 1276 643 1320 expedit
671 1287 747 1310 esse
774 1275 900 1316 malos,
933 1279 1011 1309 tum
1037 1279 1144 1309 nocet
1170 1287 1249 1310 esse
1273 1275 1400 1311 bonos.
1451 1275 1501 1309 Et
1527 1287 1609 1309 cum
1635 1287 1738 1320 prae—

177 1323 289 1357 mium
316 1327 370 1357 est
395 1323 489 1357 male
516 1323 633 1363 factis,
661 1327 739 1357 tum
764 1323 857 1357 bene
883 1323 990 1356 factis
1015 1334 1134 1366 poena
1162 1326 1240 1356 est‘·'
1266 1322 1452 1358 Erasmus.

221 1367 231 1375 '
275 1372 328 1406 15.
355 1370 425 1414 Qui
452 1370 627 1409 fecerunt,
656 1371 774 1414 inquit
792 1370 987 1405 Gruterus:
1040 1370 1103 1411 „C.
1130 1382 1204 1403 non
1230 1369 1335 1404 fortis
1361 1373 1448 1413 pote
1473 1381 1540 1404 nec
1560 1371 1738 1414 ingenuus

178 1418 279 1462 pati‘⁵
305 1418 470 1461 proxime
497 1418 641 1462 quidem
669 1420 900 1452 accesserunt
925 1417 972 1451 ad
990 1417 1103 1451 libros
1121 1417 1297 1460 quosdam
1316 1418 1483 1461 scriptos,
1512 1418 1576 1451 sed
1594 1418 1738 1462 longius

179 1465 224 1499 ab
259 1464 332 1499 illis
365 1465 593 1505 membranis,
628 1466 666 1498 in
700 1465 831 1508 quibus
865 1468 944 1498 erat
975 1475 1160 1508 expresse:
1213 1463 1482 1498 Contumeliam
1516 1476 1582 1499 nec
1616 1464 1737 1499 facere

177 1511 282 1546 fortis
308 1515 431 1556 potest
456 1523 522 1546 nec
546 1512 722 1556 ingenuus
757 1512 835 1556 pati
867 1515 904 1546 et
936 1511 1084 1556 elegans
1120 1516 1175 1545 est
1209 1512 1390 1555 oppositio
1425 1512 1502 1555 pati
1537 1523 1578 1546 ac
1604 1511 1736 1548 facere.

176 1558 268 1593 Mihi
288 1559 433 1602 quidem
452 1559 610 1593 facere
627 1560 810 1604 glossema
827 1558 983 1593 videtur.
1027 1558 1154 1603 Neque
1181 1559 1277 1593 enim
1302 1561 1406 1603 patet
1425 1559 1554 1602 quibus
1573 1559 1611 1593 in
1627 1571 1739 1594 mem-

176 1606 300 1641 branis
327 1606 418 1640 illud
445 1606 601 1640 facere
629 1607 686 1647 sit,
714 1617 780 1640 nec
811 1617 853 1640 ea
879 1606 1062 1650 oppositio
1089 1617 1165 1640 esse
1191 1609 1322 1650 potest,
1350 1610 1390 1639 ut
1417 1607 1674 1640 contumeliam
1699 1610 1740 1640 ut

178 1654 285 1688 fortis
311 1665 383 1687 non
410 1653 426 1687 f
432 1664 538 1688 acer
551 1664 579 1695 e,
606 1654 659 1687 ita
684 1654 864 1698 ingenuus
890 1665 963 1686 non
988 1653 1066 1697 pati
1091 1653 1245 1687 dicatur.
1299 1652 1392 1687 Nam
1418 1664 1460 1687 ea
1478 1654 1588 1688 elatio
1616 1654 1736 1695 animi,

179 1712 271 1745 quae
297 1701 458 1735 cernitur
482 1701 519 1734 in
544 1700 716 1744 periculis
743 1704 780 1735 et
804 1701 1001 1741 laboribus,
1041 1712 1131 1744 quae
1158 1700 1334 1734 fortitudo
1361 1701 1579 1744 appellatur,
1614 1712 1737 1745 saepe-

176 1759 328 1782 numero
354 1749 406 1782 ita
433 1748 635 1792 cupiditate
662 1760 724 1782 sua
756 1748 968 1792 impellitur,
1003 1750 1044 1781 ut
1077 1747 1251 1781 audaciae
1283 1748 1403 1792 potius
1439 1759 1571 1782 nomen
1605 1748 1739 1782 habeat

178 1807 285 1839 quam
312 1795 549 1829 fortitudinis.
600 1794 680 1838 Quo
706 1794 756 1835 fit,
784 1799 824 1828 ut
848 1796 906 1829 vir
923 1795 1039 1835 fortis,
1067 1798 1242 1838 quantum
1258 1795 1297 1828 in
1315 1795 1394 1839 ipso
1413 1798 1478 1836 est,
1506 1807 1580 1829 non
1597 1807 1740 1840 semper

179 1843 437 1877 contumeliam
462 1842 598 1877 inferre
624 1842 849 1877 reformidet.
900 1842 953 1877 Cf.
981 1842 1054 1877 Cic.
1075 1842 1144 1877 Off.
1163 1841 1194 1878 I.
1214 1843 1268 1877 19.
1319 1841 1455 1876 Contra
1478 1843 1573 1877 illud
1591 1843 1738 1877 evidens

178 1893 234 1924 est
258 1890 377 1923 virum
402 1889 534 1924 fortem
559 1901 743 1934 nunquam
760 1890 880 1934 ipsum
899 1890 1015 1924 solere
1034 1889 1291 1924 contumeliam
1310 1889 1380 1923 sibi
1398 1889 1608 1934 impositam
1627 1890 1737 1925 ferre:

176 1937 215 1971 id
242 1938 337 1971 enim
362 1948 435 1971 non
460 1937 528 1971 viri
554 1937 671 1975 fortis.
701 1937 763 1971 sed
788 1937 912 1982 ignavi
939 1940 1004 1972 est.
1054 1937 1109 1971 At
1133 1938 1281 1981 poetam
1299 1948 1371 1970 non
1397 1936 1443 1970 de
1470 1936 1646 1977 facienda,
1676 1937 1740 1972 sed

177 1984 352 2028 patienda
384 1984 601 2019 contumelia
636 1984 758 2018 dicere
790 1984 948 2018 voluisse
982 1984 1161 2019 existimo.
1220 1983 1351 2027 Itaque
1387 1984 1619 2019 conclusione
1654 1996 1738 2018 usus

178 2035 243 2072 est,
270 2032 323 2065 ita
348 2035 389 2065 ut
415 2032 598 2066 sententia
624 2031 792 2065 omnibus
817 2031 972 2075 probata
997 2032 1123 2075 priore
1155 2031 1310 2066 alteram
1336 2032 1593 2076 comprobaret
1618 2035 1738 2076 poste-

177 2079 320 2119 riorem,
348 2079 501 2123 perinde
527 2090 568 2113 ac
595 2079 624 2113 si
651 2079 822 2113 dixisset:
872 2078 926 2113 Ut
950 2079 1070 2112 virum
1103 2078 1236 2112 fortem
1272 2079 1529 2113 contumeliam
1561 2080 1640 2123 pati
1665 2090 1740 2113 non

178 2137 284 2170 posse
309 2127 445 2160 nemini
470 2137 543 2159 non
567 2130 680 2170 patet.
710 2126 806 2170 quod
833 2137 914 2159 cum
940 2125 1156 2160 fortitudine
1181 2129 1382 2170 pugnaret:
1411 2126 1463 2160 sic
1488 2137 1534 2160 ne
1559 2127 1738 2171 ingenuus

178 2173 327 2217 quidem
352 2173 460 2207 homo
486 2174 745 2207 contumeliam
770 2173 849 2216 pati
874 2176 1008 2216 potest,
1040 2173 1175 2217 quippe
1202 2173 1261 2217 qui
1281 2173 1327 2207 ad
1346 2184 1491 2207 omnem
1509 2173 1739 2207 honestatem

176 2220 367 2254 institutus
394 2221 451 2256 sit.
501 2220 642 2255 Eadem
668 2220 943 2255 demonstrandi
969 2220 1027 2253 vel
1061 2220 1244 2264 probandi
1269 2221 1411 2254 ratione
1437 2222 1547 2264 poeta
1572 2232 1657 2255 usus
1684 2223 1740 2255 est

178 2267 217 2301 in
242 2268 323 2301 aliis
351 2268 551 2309 sententiis,
580 2279 671 2312 quae
697 2267 767 2301 nisi
794 2271 834 2300 ut
859 2267 1016 2301 diximus
1043 2268 1306 2311 acciperentur,
1335 2267 1460 2301 futiles
1486 2274 1607 2302 essent
1631 2267 1738 2302 Publ.

177 2313 212 2348 N
237 2315 280 2350 35
309 2315 413 2354 (411).
440 2314 474 2348 N
510 2315 552 2350 57
580 2315 689 2359 (433).
740 2314 794 2349 Cf.
823 2313 993 2358 Seyfferti
1020 2313 1140 2349 Schol.
1161 2314 1244 2349 Lat.
1279 2318 1366 2348 tom.
1400 2313 1429 2348 I.
1462 2326 1497 2359 p.
1533 2315 1588 2351 63.
1624 2315 1655 2358 ξ.
1683 2316 1737 2350 36.

179 2361 406 2396 Ribbeckius
432 2362 578 2405 quidem
603 2362 709 2396 affert
735 2361 819 2397 Sen.
849 2361 1020 2396 Controv.
1046 2361 1119 2397 ΙΠ.
1145 2361 1258 2406 praef.
1286 2374 1319 2406 p.
1347 2362 1426 2397 200.
1454 2362 1509 2398 ed.
1529 2362 1611 2407 Bip.
1630 2363 1738 2396 homo

178 2420 337 2443 summae
363 2409 570 2453 probitatis,
606 2410 667 2453 qui
700 2420 766 2443 nec
804 2408 924 2442 facere
958 2409 1128 2443 iniuriam
1159 2420 1227 2443 nec
1258 2409 1337 2454 pati
1371 2409 1501 2444 sciret:
1544 2410 1607 2444 sed
1642 2409 1739 2444 idem

179 2455 262 2491 Sen.
287 2456 457 2492 Controv.
485 2456 555 2492 IV.
582 2457 637 2492 24.
664 2468 699 2500 p.
727 2456 806 2491 268.
834 2456 888 2490 ed.
916 2455 998 2500 Bip.
1025 2468 1098 2490 non
1123 2459 1247 2500 potest
1271 2467 1467 2501 generosus
1495 2457 1635 2490 animus
1654 2468 1737 2491 con-

177 2503 366 2537 tumeliam
391 2504 479 2548 pati,
508 2515 599 2547 quae
627 2504 809 2538 sententia
835 2503 1014 2547 repetitur
1039 2504 1077 2537 in
1102 2503 1186 2539 Sen.
1212 2503 1383 2548 Excerpt.
1411 2504 1583 2539 Controv.
1609 2503 1678 2538 IX.
1708 2505 1737 2539 1.

178 2562 212 2594 p.
239 2550 318 2585 474.
346 2551 401 2585 ed.
428 2550 511 2595 Bip.
537 2551 660 2585 Homo
688 2554 810 2585 autem
835 2550 1013 2594 ingenuus
1048 2551 1277 2596 intellegitur
1301 2551 1363 2594 qui
1389 2554 1425 2585 et
1451 2551 1545 2585 liber
1569 2554 1676 2585 natus
1701 2554 1739 2585 et

178 2597 383 2632 liberaliter
409 2598 581 2632 educatus
609 2602 673 2632 est.
726 2597 781 2632 Cf.
809 2596 883 2631 Cic.
910 2597 990 2633 Fin.
1016 2597 1090 2632 ΙΙΙ,
1119 2598 1172 2633 17.
1201 2597 1245 2632 de
1271 2601 1363 2633 orat.
1388 2598 1418 2632 Ι.
1446 2599 1502 2634 31.

274 2645 328 2680 16.
354 2644 554 2679 Probarem
569 2645 728 2679 Bentleii
756 2644 1049 2679 emendationem
1066 2645 1185 2680 bonae
1211 2647 1319 2679 notae
1344 2645 1448 2680 libris
1474 2645 1736 2686 confirmatam,

179 2691 209 2725 si
234 2692 482 2726 conscientam
508 2693 619 2726 animi
645 2692 778 2726 bonam
808 2691 1010 2736 significari
1044 2696 1240 2727 constaret.
1292 2692 1365 2727 Sed
1389 2692 1541 2726 Publilii
1573 2693 1672 2727 locos
1708 2693 1737 2726 si

180 2749 389 2779 excussero,
425 2740 591 2774 omnibus
618 2751 683 2784 per
710 2751 746 2773 se
770 2739 890 2783 posita
916 2739 1136 2775 conscientia
1162 2739 1219 2774 vel
1254 2739 1397 2774 adiecto
1429 2740 1566 2773 animi
1594 2750 1738 2783 semper

177 2785 273 2820 mala
306 2786 555 2832 intellegenda
589 2790 643 2821 est
678 2785 705 2820 C
741 2786 784 2821 33
819 2786 932 2831 (1182).
965 2786 1004 2820 Η
1039 2787 1082 2821 25
1108 2787 1221 2831 (227).
1255 2787 1284 2821 Ο
1311 2787 1468 2831 80143).
1504 2786 1529 2821 S
1555 2787 1599 2821 49
1625 2786 1737 2831 (683).
