1967 3090
738 147 794 151 —
857 124 935 164 1151
1002 146 1058 150 —

124 244 209 275 nota
235 240 381 274 videtur
407 240 568 273 indicare
594 239 652 272 hic
681 238 767 271 olim
795 237 1009 271 vocabulum
1036 237 1169 270 lectum
1196 246 1283 269 esse.
1320 233 1416 277 quod
1449 231 1569 266 nescio
1604 241 1674 274 quo

123 289 232 322 modo
259 288 440 321 inversum
467 290 503 320 et
528 290 707 319 mutatum
732 286 769 318 in
787 295 987 328 pronomen
1014 284 1052 316 is
1078 283 1204 317 abiret.
1254 281 1337 315 Hoc
1356 292 1440 314 vero
1460 279 1673 323 pronomine

125 335 418 375 determinativo.
445 334 541 377 quod
561 336 701 373 vocant,
730 336 814 365 ante
832 331 1023 364 relativum
1044 341 1117 363 non
1136 329 1271 362 addito.
1299 329 1366 362 nisi
1387 339 1467 361 cum
1485 327 1520 359 vi
1538 326 1674 359 elatum

127 384 184 423 sit,
218 386 389 425 tanquam
415 393 525 414 unum
552 381 712 414 omnium
739 379 893 412 maxime
920 378 1040 411 dicere
1066 377 1222 410 voluerit
1248 376 1291 409 cf.
1312 375 1416 409 Publ.
1444 374 1462 407 I
1490 375 1532 408 :3ss
1560 373 1673 417 (256).

129 429 160 474 Q
187 432 231 464 22
258 429 354 473 (522)
379 428 577 462 Publilium
602 430 676 461 tani
703 428 913 459 constanter
939 424 1120 458 abstinere
1137 424 1301 458 observo.
1330 426 1369 456 ut
1386 433 1452 466 pro
1471 433 1524 461 eo,
1551 421 1581 453 si
1599 419 1674 462 qui-

130 477 211 510 dem
239 488 328 519 opus
358 479 422 515 est,
457 478 580 508 utatiu·
606 473 819 517 pronomine
846 472 1133 506 demonstrativo
1158 471 1244 503 ille
1270 470 1327 503 vel
1360 470 1458 512 ipse
1491 469 1536 503 cf.
1570 466 1674 500 Publ.

130 523 158 557 F
185 525 226 558 31
255 525 365 567 (5266).
416 522 445 556 Ρ
471 523 513 556 23
541 521 653 564 (472).
704 520 737 562 Q,
762 520 804 554 32
840 519 955 564 (532).
1006 517 1039 561 Q
1073 518 1116 553 57
1150 518 1260 561 (557).
1311 516 1448 559 Quibus
1484 515 1597 549 causis
1633 524 1674 547 eo

129 571 325 615 perductus
352 582 438 603 sum.
466 572 505 602 ut
529 579 593 612 pro
620 568 649 600 is
667 566 915 610 reponendum
933 566 1136 600 existimem
1162 575 1250 608 pes.
1300 562 1405 606 Quod
1423 565 1543 596 autem
1569 562 1677 605 po'e'ta

130 618 259 662 pedem
286 617 394 650 fateri
420 617 522 656 dixit,
549 615 586 648 id
612 625 678 658 pro
704 624 767 647 suo
792 625 893 647 more
919 613 1017 647 fecit.
1043 616 1084 645 ut
1109 612 1145 645 in
1165 611 1344 645 sententia
1362 610 1483 653 captio
1499 608 1676 652 quaedam

128 668 232 704 esset.
261 676 342 698 cum
367 675 430 707 pes
456 663 600 707 linguae
627 662 684 695 vel
710 661 809 694 vocis
835 661 913 694 vice
931 660 1033 705 fungi
1059 660 1252 693 diceretur.
1301 657 1488 700 Frequens
1507 659 1562 689 est
1580 655 1675 688 enim

129 712 225 756 apud
253 722 376 745 omnes
405 710 600 753 scriptores
627 708 695 742 hoc
721 708 964 751 metonyiniae
998 718 1121 752 genus.
1156 705 1201 739 cf.
1229 705 1302 739 Cio.
1337 704 1406 748 leg.
1440 703 1470 739 Ι.
1504 704 1535 738 9.
1563 702 1675 744 Verg.

128 759 205 794 Ecl.
233 758 279 793 V.
306 759 360 792 28.
390 757 454 791 Ov.
482 756 570 791 Met.
598 755 644 789 X.
671 756 727 790 42.
754 754 822 789 ΧΙ.
848 755 904 789 46.
931 754 1039 789 Trist.
1066 753 1096 788 I.
1123 754 1153 793 2,
1171 754 1224 787 32.
1253 751 1299 787 V.
1328 751 1451 793 14,34.
1502 750 1597 785 Fast.
1624 747 1676 783 II.

127 807 206 841 6:235.
234 806 318 840 Am.
346 804 396 840 II.
433 805 462 843 5,
484 804 538 838 17.
565 802 637 838 ΠΙ.
672 803 797 843 1Ο,42.
847 802 938 837 Hor.
974 801 1091 835 Oarm.
1130 800 1161 835 I.
1197 800 1298 835 14.5.
1335 799 1365 834 6.
1400 797 1450 832 II.
1483 797 1585 838 3,st
1622 796 1675 830 12.

126 854 156 887 9.
174 854 204 888 Τ.
232 852 304 886 III.
334 852 433 893 11,3.
461 851 492 884 4.
520 849 587 884 IV.
619 851 718 890 11,6.
747 849 861 883 Serm.
889 848 940 882 II.
968 850 1046 889 25.
1074 848 1175 889 5,32.
1201 848 1231 887 8,
1249 848 1279 881 5.
1299 846 1366 889 Ep.
1385 845 1414 879 I.
1443 844 1545 885 285.
1574 843 1676 883 1527.

125 899 207 934 Sen.
235 899 384 942 Thyest.
413 898 491 932 516.
519 897 632 932 Theb.
662 897 714 931 10.
746 898 797 931 11.
825 896 981 940 (Reisig.
1010 895 1055 929 ad
1082 894 1170 929 Oed.
1190 894 1266 928 Col.
1296 893 1392 937 174).
1443 891 1524 926 Sen.
1544 890 1676 924 Troad.

125 947 204 982 693.
233 947 310 981 694.
362 945 438 979 Nec
463 956 549 978 vero
577 945 693 978 solum
728 943 836 977 fateri
869 946 923 977 est
955 943 1054 986 loqui
1085 942 1143 976 vel
1176 941 1422 985 pronuntiare,
1457 939 1521 973 sed
1553 938 1677 971 multis

125 994 235 1028 etiam
260 993 348 1027 locis
374 993 465 1026 nihil
493 992 591 1025 aliud
617 990 799 1037 significat
825 991 895 1024 nisi
929 990 1100 1031 indicare,
1137 988 1339 1029 ostendere,
1373 987 1539 1030 prodere,
1576 996 1677 1019 coar-

124 1052 245 1086 guere.
296 1040 349 1074 Cf.
377 1039 455 1074 Iuv.
482 1038 556 1073 Sat..
583 1038 630 1073 X.
660 1039 736 1073 172.
766 1038 843 1072 173.
870 1049 968 1071 mors
996 1038 1073 1070 sola
1098 1036 1243 1075 fatetur.
1272 1034 1446 1079 quantula
1473 1034 1545 1067 sint
1563 1032 1676 1067 homi-

125 1100 211 1122 num
237 1087 463 1131 corpuscula.
514 1086 596 1121 Sen.
630 1086 741 1120 Herc.
768 1084 852 1119 Fur.
880 1085 959 1119 476.
986 1085 1056 1118 hoc
1081 1083 1211 1127 Euryti
1236 1083 1372 1117 fatetur
1397 1081 1513 1115 eversi
1538 1080 1676 1113 domus.

125 1136 248 1178 Quint.
276 1134 322 1168 V.
353 1135 404 1174 14,
425 1134 480 1169 32.
507 1134 723 1177 magistrum
750 1132 856 1166 fateri
883 1132 1016 1176 ubique
1042 1131 1244 1165 videantur.
1296 1128 1407 1163 VIII.
1435 1139 1594 1172 prooem.
1623 1127 1677 1161 23.

126 1183 200 1217 illa.
234 1193 325 1225 quae
351 1193 473 1215 curam
507 1181 678 1215 fatentur.
704 1179 773 1213 XI.
808 1180 839 1219 3,
856 1180 912 1214 52.
948 1179 1005 1212 cui
1039 1178 1261 1212 contrarium
1296 1180 1351 1210 est
1385 1176 1514 1209 vitium
1546 1174 1680 1207 nimiae

125 1229 324 1263 tarditatis.
360 1239 444 1261 nam
471 1231 507 1261 et
545 1227 801 1261 difficultatem
838 1226 1049 1260 inveniendi
1074 1225 1222 1260 fatetur.
1273 1224 1400 1265 3158.
1436 1221 1679 1266 suspiratione

127 1276 410 1310 sollicitudinem
435 1275 555 1309 fateri.
605 1274 713 1309 Mart.
732 1273 860 1318 Epigr.
886 1272 977 1307 XII.
1004 1273 1130 1313 32,15.
1160 1272 1212 1306 16.
1240 1271 1352 1305 fuisse
1371 1281 1494 1313 gerres
1516 1272 1578 1302 aut
1600 1269 1676 1302 inu-

126 1324 208 1357 tiles
234 1334 383 1356 maenas
410 1323 500 1356 odor
517 1321 721 1365 impudicus
748 1321 846 1354 urcei
864 1320 1057 1354 fatebatur.
1107 1319 1202 1353 Plin.
1222 1318 1306 1353 NH.
1325 1316 1506 1352 XXXVI.
1526 1316 1581 1356 26,
1599 1315 1677 1350 190.

126 1370 252 1415 (Belus
279 1370 412 1414 amnis)
438 1380 510 1402 non
536 1369 606 1402 nisi
631 1368 752 1402 refuso
779 1368 871 1401 mari
897 1368 1052 1402 harenas
1086 1366 1232 1400 fatetur.
1284 1365 1382 1399 Hinc
1416 1365 1506 1397 haec
1552 1373 1678 1396 versus

127 1417 309 1452 sententia
336 1420 409 1450 est:
437 1415 636 1450 Hominem
661 1415 748 1459 fuga
773 1426 810 1448 se
836 1415 970 1448 iudicio
997 1414 1271 1448 subtrahentem
1304 1413 1383 1456 ipsa
1409 1412 1495 1455 fuga
1521 1411 1678 1444 damnat.

127 1464 182 1498 De
210 1464 392 1498 sententia
418 1463 463 1498 cf.
491 1463 563 1498 Cic.
591 1462 698 1497 Verr.
733 1461 802 1497 IV.
833 1462 959 1501 1330.
993 1462 1128 1495 veritos
1162 1471 1317 1504 poenam
1354 1458 1480 1492 iudicii
1514 1469 1555 1491 ac
1588 1456 1679 1500 legis

126 1512 235 1545 domo
261 1510 476 1554 profugisse.
526 1510 698 1543 Erasmus
733 1520 833 1542 suam
868 1509 1086 1552 scripturam
1121 1508 1171 1542 sic
1200 1508 1478 1551 interpretatur:
1515 1504 1585 1547 Qui
1619 1504 1680 1538 de-

126 1561 263 1593 trectat
287 1557 470 1597 iudicium,
498 1556 638 1590 iudicat
664 1567 702 1590 se
728 1556 796 1589 sibi
823 1556 917 1589 male
944 1556 1129 1589 conscium
1156 1566 1246 1589 esse.

224 1605 276 1640 10.
306 1603 478 1647 „Quoties
504 1603 652 1637 fortuna
676 1603 774 1637 favet
800 1603 989 1647 improbiS,
1018 1603 1087 1636 hoc
1113 1602 1156 1635 fit
1182 1601 1391 1636 calamitate
1418 1602 1453 1633 et
1469 1599 1567 1633 malo
1585 1598 1678 1642 opti-

129 1656 294 1687 morum“
320 1651 504 1686 Erasmus.

225 1701 279 1734 11.
306 1698 363 1732 De
380 1698 563 1742 particula
586 1697 758 1742 negativa
782 1708 868 1731 non
894 1709 977 1731 cum
994 1695 1226 1731 coniunctivo
1252 1695 1402 1729 vetandi
1420 1694 1613 1728 coniuncto
1633 1691 1679 1727 cf.

128 1746 234 1782 Publ.
262 1746 292 1780 B
320 1746 339 1779 5
365 1746 480 1791 (127).
531 1744 628 1785 „Hic
653 1756 777 1778 versus
802 1744 1018 1778 nominatim
1043 1743 1178 1778 citatur
1203 1754 1224 1776 a
1243 1742 1373 1777 Gellio.
1425 1739 1530 1784 Quod
1547 1739 1682 1773 mutari

130 1794 336 1838 corrigique
362 1804 435 1826 non
461 1795 592 1836 potest,
620 1792 659 1826 id
683 1792 795 1825 tacite
821 1791 1011 1826 ferendum
1036 1793 1101 1831 est,
1127 1801 1200 1823 non
1232 1788 1537 1833 vituperandum“
1570 1786 1680 1821 Eras-

130 1853 220 1875 mus.
272 1840 325 1875 Of.
353 1839 434 1875 Ter.
461 1839 580 1874 Andr.
607 1838 654 1874 V.
682 1840 787 1880 1,13.
816 1838 1038 1882 impetrasti:
1066 1838 1196 1881 incepi,
1225 1837 1311 1871 dum
1335 1848 1392 1871 res
1418 1835 1552 1870 tetulit.
1585 1845 1681 1867 nunc

130 1899 204 1922 non
230 1887 318 1922 fert:
345 1887 452 1922 feras.
503 1885 666 1930 Adelph.
686 1885 754 1920 IV.
782 1886 813 1927 7,
830 1886 884 1920 19.
904 1885 959 1921 20.
978 1885 1100 1929 placet
1116 1884 1184 1918 tibi
1201 1884 1348 1925 factum,
1367 1881 1502 1917 Micio?
1530 1903 1572 1907 —
1599 1880 1683 1915 Non

129 1936 159 1969 si
186 1946 316 1979 queam
340 1937 500 1968 mutare:
528 1945 623 1967 nunc
648 1944 730 1967 cum
747 1944 821 1967 non
838 1943 940 1976 queo,
966 1933 1086 1966 animo
1105 1943 1218 1975 aequo
1236 1931 1324 1965 fero.
1376 1930 1459 1964 Sen.
1478 1929 1523 1963 de
1540 1927 1681 1973 provid.

130 1981 181 2018 ΙΙ.
217 1983 248 2017 4.
307 1980 390 2015 Non
423 1980 527 2024 quid,
563 1980 627 2014 sed
659 1979 963 2023 quemadmodum
1001 1979 1095 2013 feras
1137 1979 1300 2013 interest.
1341 1978 1386 2012 de
1420 1980 1540 2020 tranq.
1574 1975 1681 2010 anim.

131 2028 238 2063 XIV.
267 2030 298 2063 1.
325 2030 519 2071 utrumque
552 2027 726 2061 infestum
760 2029 816 2061 est
847 2026 1107 2070 tranquillitati
1141 2028 1177 2059 et
1208 2025 1300 2059 nihil
1333 2027 1472 2059 mutare
1506 2034 1612 2068 posse
1646 2025 1683 2056 et

130 2076 222 2109 nihil
248 2076 337 2120 pati.
363 2078 437 2108 nat.
465 2077 601 2118 quaest.
628 2073 701 2108 HI.
728 2073 842 2118 praef.
871 2074 925 2109 12.
952 2073 1039 2116 quid
1076 2075 1131 2106 est
1168 2071 1427 2116 praecipuum?
1452 2082 1559 2115 posse
1583 2071 1681 2104 laeto

129 2123 251 2157 animo
277 2122 429 2156 adversa
453 2122 621 2156 tolerare.
649 2121 821 2164 quicquid
847 2120 1032 2161 acciderit,
1067 2120 1119 2154 sic
1146 2119 1252 2160 ferre,
1288 2119 1389 2162 quasi
1422 2117 1581 2152 volueris
1614 2116 1683 2150 tibi

131 2170 305 2205 accidere.
343 2169 528 2203 debuisses
556 2168 666 2202 etiam
690 2167 796 2208 velle,
825 2168 854 2201 si
881 2168 1007 2201 scisses
1035 2167 1156 2200 omnia
1173 2178 1217 2201 ex
1234 2167 1380 2201 decreto
1399 2165 1458 2200 dei
1475 2164 1565 2200 fieri.
1584 2163 1681 2204 flere,

130 2217 242 2260 queri,
270 2227 416 2262 gemere
443 2216 645 2250 desciscere
672 2217 736 2250 est.
756 2226 810 2259 ep.
835 2214 942 2250 VIII.
969 2215 990 2248 2
1015 2214 1094 2259 (71)
1120 2215 1174 2249 11.
1192 2213 1316 2258 (Cato)
1342 2213 1462 2246 onmia
1480 2223 1571 2255 quae
1590 2211 1681 2245 acci-

132 2265 274 2304 derant,
302 2263 453 2297 ferenda
477 2274 557 2297 esse
582 2265 814 2307 persuaserat
840 2262 920 2295 sibi.
938 2260 1007 2297 IX.
1035 2262 1054 2296 5
1082 2261 1161 2306 (76)
1186 2261 1242 2296 23.
1268 2260 1386 2294 virum
1403 2259 1538 2294 bonum
1555 2269 1682 2292 conce-

82 2315 86 2320 ’
133 2312 197 2345 das
223 2322 368 2345 necesse
394 2314 450 2344 est
475 2321 636 2344 summae
662 2309 809 2353 pietatis
835 2319 922 2351 erga
947 2308 1033 2343 deos
1060 2319 1150 2342 esse.
1177 2308 1298 2351 itaque
1315 2306 1487 2351 quicquid
1510 2305 1566 2339 illi
1591 2305 1683 2339 acci-

132 2358 197 2399 dit,
225 2368 338 2401 aequo
364 2358 484 2391 animo
511 2356 715 2392 sustinebit.
741 2355 848 2391 XVI.
874 2356 896 2390 4
920 2355 999 2400 (99)
1025 2355 1081 2391 22.
1107 2366 1221 2399 aequo
1240 2355 1359 2389 animo
1378 2354 1504 2397 excipe
1520 2363 1682 2387 necessa-

131 2406 196 2440 ria.
223 2403 371 2439 XVHI.
396 2405 419 2439 4
444 2405 548 2449 (107)
575 2403 607 2439 9.
628 2404 812 2447 ,optimum
841 2405 896 2436 est
920 2402 1007 2446 pati,
1036 2402 1133 2445 quod
1158 2402 1351 2436 emendare
1377 2412 1449 2435 non
1473 2400 1603 2444 possis.

232 2452 287 2486 12.
313 2450 412 2485 Huic
437 2451 558 2485 versui
584 2454 670 2494 quot
695 2450 867 2484 tenebrae
901 2449 1147 2491 offunduntur,
1174 2460 1245 2482 una
1270 2449 1344 2489 illa,
1372 2459 1480 2492 quam
1498 2447 1682 2491 proposui,

133 2499 335 2533 mutatione
353 2501 583 2539 evanescunt,
602 2501 643 2531 ut
659 2508 725 2542 pro
752 2508 809 2541 pu
816 2499 962 2541 gnant
980 2497 1177 2531 scribatur:
1196 2507 1346 2541 pugna
1363 2498 1421 2529 ut.
1454 2494 1555 2538 Quae
1572 2493 1684 2528 verba

135 2557 218 2580 cum
243 2546 279 2579 in
296 2557 408 2579 unum
433 2548 646 2590 pugnant
671 2544 941 2584 confluxissent,
966 2546 1007 2577 ut
1024 2543 1181 2578 alterum
1196 2542 1454 2577 enuntiationis
1480 2541 1683 2575 membrum

133 2604 217 2627 cum
243 2593 358 2627 altero
384 2592 672 2637 coniungeretur,
699 2591 845 2635 negatio
871 2601 959 2624 non
984 2590 1021 2624 in
1048 2590 1128 2624 aliis
1154 2590 1257 2624 libris
1282 2590 1321 2623 in
1345 2588 1565 2634 particulam
1589 2598 1682 2627 nec,

135 2640 174 2673 in
188 2639 267 2673 aliis
280 2639 319 2673 in
333 2651 357 2672 n
367 2650 386 2673 e
401 2639 499 2679 abiit,
515 2640 552 2672 in
566 2639 646 2672 aliis
665 2638 775 2673 etiam
793 2637 993 2682 praemissa
1006 2637 1135 2672 eadem
1150 2637 1347 2682 negatione
1364 2647 1418 2670 no
1428 2648 1453 2669 n
1470 2647 1493 2679 p
1504 2647 1592 2680 ugn
1603 2645 1657 2667 an
1668 2636 1685 2667 t

137 2697 188 2719 ne
214 2687 389 2730 scriptum
414 2689 481 2721 est.
532 2685 605 2720 Sed
629 2685 751 2720 nescio
770 2684 950 2728 quomodo
977 2687 1014 2718 et
1037 2684 1075 2718 in
1092 2683 1148 2718 Pb
1166 2684 1196 2718 B
1222 2687 1259 2718 et
1284 2684 1323 2717 in
1339 2683 1484 2718 Erasmi
1503 2682 1683 2725 scriptura

137 2743 245 2767 verae
270 2733 426 2778 vestigia
452 2735 640 2777 apparent.
689 2731 915 2766 Particulam
935 2733 994 2772 ut,
1012 2742 1120 2775 quam
1138 2742 1183 2765 ex
1198 2743 1231 2765 v,
1250 2733 1459 2775 pugnant
1484 2727 1682 2768 enucleavi,
