<?xml version="1.0" encoding="UTF-8"?>
<!DOCTYPE html PUBLIC "-//W3C//DTD XHTML 1.0 Transitional//EN"
    "http://www.w3.org/TR/xhtml1/DTD/xhtml1-transitional.dtd">
<html xmlns="http://www.w3.org/1999/xhtml" xml:lang="en" lang="en">
 <head>
  <title>
</title>
<meta http-equiv="Content-Type" content="text/html;charset=utf-8" />
  <meta name='ocr-system' content='tesseract 3.04.00' />
  <meta name='ocr-capabilities' content='ocr_page ocr_carea ocr_par ocr_line ocrx_word'/>
</head>
<body>
  <div class='ocr_page' id='page_1' title='image "./sententiae1880publuoft_0193.png"; bbox 0 0 1967 3090; ppageno 0'>
   <div class='ocr_carea' id='block_1_1' title="bbox 754 99 1073 156">
    <p class='ocr_par' dir='ltr' id='par_1_1' title="bbox 754 99 1073 156">
     <span class='ocr_line' id='line_1_1' title="bbox 754 99 1073 156; baseline -0.003 0"><span class='ocrx_word' id='word_1_1' title='bbox 754 99 1073 156; x_wconf 79' lang='lat'>—1&#39;89—</span> 
     </span>
    </p>
   </div>
   <div class='ocr_carea' id='block_1_2' title="bbox 145 222 1701 1036">
    <p class='ocr_par' dir='ltr' id='par_1_2' title="bbox 147 222 1698 605">
     <span class='ocr_line' id='line_1_2' title="bbox 151 222 1691 269; baseline -0.006 -4"><span class='ocrx_word' id='word_1_2' title='bbox 151 231 233 266; x_wconf 87' lang='lat' dir='ltr'><strong>ken.</strong></span> <span class='ocrx_word' id='word_1_3' title='bbox 266 229 364 265; x_wconf 83' lang='lat' dir='ltr'>Dict.</span> <span class='ocrx_word' id='word_1_4' title='bbox 400 229 447 263; x_wconf 84' lang='lat' dir='ltr'>ad</span> <span class='ocrx_word' id='word_1_5' title='bbox 480 228 559 264; x_wconf 86' lang='lat' dir='ltr'><strong>Ter.</strong></span> <span class='ocrx_word' id='word_1_6' title='bbox 595 228 711 263; x_wconf 84' lang='lat' dir='ltr'><strong>Andr.</strong></span> <span class='ocrx_word' id='word_1_7' title='bbox 739 227 792 262; x_wconf 93' lang='lat' dir='ltr'>II.</span> <span class='ocrx_word' id='word_1_8' title='bbox 819 228 851 269; x_wconf 77' lang='lat'>5,</span> <span class='ocrx_word' id='word_1_9' title='bbox 878 228 934 263; x_wconf 86' lang='grc'><strong>20.</strong></span> <span class='ocrx_word' id='word_1_10' title='bbox 968 226 1090 261; x_wconf 85' lang='lat' dir='ltr'><strong>Fabri.</strong></span> <span class='ocrx_word' id='word_1_11' title='bbox 1123 226 1169 260; x_wconf 90' lang='lat' dir='ltr'>ad</span> <span class='ocrx_word' id='word_1_12' title='bbox 1197 225 1285 261; x_wconf 86' lang='lat' dir='ltr'>Sall.</span> <span class='ocrx_word' id='word_1_13' title='bbox 1314 225 1393 269; x_wconf 82' lang='lat' dir='ltr'>[ug.</span> <span class='ocrx_word' id='word_1_14' title='bbox 1422 224 1498 265; x_wconf 84' lang='grc'><strong>100,</strong></span> <span class='ocrx_word' id='word_1_15' title='bbox 1535 225 1567 258; x_wconf 96' lang='lat'>5.</span> <span class='ocrx_word' id='word_1_16' title='bbox 1607 222 1691 257; x_wconf 79' lang='lat' dir='ltr'>Non</span> 
     </span>
     <span class='ocr_line' id='line_1_3' title="bbox 148 270 1696 321; baseline -0.006 -9"><span class='ocrx_word' id='word_1_17' title='bbox 148 278 249 318; x_wconf 83' lang='lat' dir='ltr'>latet,</span> <span class='ocrx_word' id='word_1_18' title='bbox 288 277 385 321; x_wconf 87' lang='lat' dir='ltr'>quod</span> <span class='ocrx_word' id='word_1_19' title='bbox 418 277 574 311; x_wconf 84' lang='lat' dir='ltr'>maximo</span> <span class='ocrx_word' id='word_1_20' title='bbox 606 275 768 321; x_wconf 85' lang='lat' dir='ltr'>periculo</span> <span class='ocrx_word' id='word_1_21' title='bbox 803 276 877 309; x_wconf 82' lang='lat' dir='ltr'>sive</span> <span class='ocrx_word' id='word_1_22' title='bbox 909 274 1006 308; x_wconf 88' lang='lat' dir='ltr'>malo</span> <span class='ocrx_word' id='word_1_23' title='bbox 1041 273 1218 308; x_wconf 85' lang='lat' dir='ltr'>custodiri</span> <span class='ocrx_word' id='word_1_24' title='bbox 1253 272 1422 307; x_wconf 88' lang='lat' dir='ltr'>ostendat</span> <span class='ocrx_word' id='word_1_25' title='bbox 1449 273 1568 316; x_wconf 61' lang='lat' dir='ltr'>poeta,</span> <span class='ocrx_word' id='word_1_26' title='bbox 1604 270 1696 304; x_wconf 85' lang='lat' dir='ltr'>nihil</span> 
     </span>
     <span class='ocr_line' id='line_1_4' title="bbox 149 318 1698 367; baseline -0.005 -9"><span class='ocrx_word' id='word_1_27' title='bbox 149 324 247 358; x_wconf 84' lang='lat' dir='ltr'>aliud</span> <span class='ocrx_word' id='word_1_28' title='bbox 281 335 358 359; x_wconf 88' lang='lat' dir='ltr'>esse</span> <span class='ocrx_word' id='word_1_29' title='bbox 390 324 461 358; x_wconf 90' lang='lat' dir='ltr'>nisi</span> <span class='ocrx_word' id='word_1_30' title='bbox 486 324 677 367; x_wconf 89' lang='lat' dir='ltr'>pecuniam</span> <span class='ocrx_word' id='word_1_31' title='bbox 707 327 767 356; x_wconf 90' lang='lat' dir='ltr'>aut</span> <span class='ocrx_word' id='word_1_32' title='bbox 794 333 956 356; x_wconf 82' lang='lat' dir='ltr'>uxorem.</span> <span class='ocrx_word' id='word_1_33' title='bbox 1005 320 1250 364; x_wconf 73' lang='lat' dir='ltr'>Quamobrem</span> <span class='ocrx_word' id='word_1_34' title='bbox 1277 330 1422 353; x_wconf 71' lang='lat' dir='ltr'>versum</span> <span class='ocrx_word' id='word_1_35' title='bbox 1447 319 1499 352; x_wconf 89' lang='lat' dir='ltr'>ita</span> <span class='ocrx_word' id='word_1_36' title='bbox 1525 318 1698 352; x_wconf 77' lang='lat' dir='ltr'>Erasmus</span> 
     </span>
     <span class='ocr_line' id='line_1_5' title="bbox 149 365 1698 416; baseline -0.005 -10"><span class='ocrx_word' id='word_1_37' title='bbox 149 372 430 416; x_wconf 81' lang='lat' dir='ltr'><strong>interpretatur:</strong></span> <span class='ocrx_word' id='word_1_38' title='bbox 459 370 704 405; x_wconf 89' lang='lat' dir='ltr'>..Trochaicus</span> <span class='ocrx_word' id='word_1_39' title='bbox 723 375 788 405; x_wconf 91' lang='lat' dir='ltr'>est.</span> <span class='ocrx_word' id='word_1_40' title='bbox 815 368 977 403; x_wconf 82' lang='lat' dir='ltr'>Difficile</span> <span class='ocrx_word' id='word_1_41' title='bbox 1004 373 1057 403; x_wconf 91' lang='lat' dir='ltr'>est</span> <span class='ocrx_word' id='word_1_42' title='bbox 1085 379 1238 406; x_wconf 77' lang='lat' dir='ltr'>servare,</span> <span class='ocrx_word' id='word_1_43' title='bbox 1266 366 1363 411; x_wconf 88' lang='lat' dir='ltr'>quod</span> <span class='ocrx_word' id='word_1_44' title='bbox 1387 370 1561 410; x_wconf 81' lang='lat' dir='ltr'>expetunt</span> <span class='ocrx_word' id='word_1_45' title='bbox 1580 365 1698 405; x_wconf 82' lang='lat' dir='ltr'>multi,</span> 
     </span>
     <span class='ocr_line' id='line_1_6' title="bbox 148 412 1698 463; baseline -0.004 -10"><span class='ocrx_word' id='word_1_46' title='bbox 148 419 262 453; x_wconf 89' lang='lat' dir='ltr'>veluti</span> <span class='ocrx_word' id='word_1_47' title='bbox 287 419 479 463; x_wconf 85' lang='lat' dir='ltr'>pecuniam</span> <span class='ocrx_word' id='word_1_48' title='bbox 505 423 565 452; x_wconf 88' lang='lat' dir='ltr'>aut</span> <span class='ocrx_word' id='word_1_49' title='bbox 593 418 788 452; x_wconf 85' lang='lat' dir='ltr'>formosam</span> <span class='ocrx_word' id='word_1_50' title='bbox 813 420 996 451; x_wconf 45' lang='lat' dir='ltr'>uxoremst</span> <span class='ocrx_word' id='word_1_51' title='bbox 1039 414 1094 449; x_wconf 89' lang='lat' dir='ltr'>Cf.</span> <span class='ocrx_word' id='word_1_52' title='bbox 1114 413 1199 449; x_wconf 87' lang='lat' dir='ltr'>Sen.</span> <span class='ocrx_word' id='word_1_53' title='bbox 1219 414 1391 448; x_wconf 82' lang='lat' dir='ltr'>Controv.</span> <span class='ocrx_word' id='word_1_54' title='bbox 1412 412 1464 448; x_wconf 90' lang='lat' dir='ltr'>II.</span> <span class='ocrx_word' id='word_1_55' title='bbox 1487 413 1537 447; x_wconf 83' lang='lat'>15.</span> <span class='ocrx_word' id='word_1_56' title='bbox 1565 424 1599 456; x_wconf 91' lang='lat' dir='ltr'>p.</span> <span class='ocrx_word' id='word_1_57' title='bbox 1622 413 1698 447; x_wconf 79' lang='lat'>194.</span> 
     </span>
     <span class='ocr_line' id='line_1_7' title="bbox 147 459 1698 510; baseline -0.005 -10"><span class='ocrx_word' id='word_1_58' title='bbox 147 466 204 500; x_wconf 91' lang='lat' dir='ltr'>ed.</span> <span class='ocrx_word' id='word_1_59' title='bbox 238 466 322 510; x_wconf 88' lang='lat' dir='ltr'>Bip.</span> <span class='ocrx_word' id='word_1_60' title='bbox 366 465 537 500; x_wconf 84' lang='lat' dir='ltr'><strong>Omnium</strong></span> <span class='ocrx_word' id='word_1_61' title='bbox 568 464 749 499; x_wconf 84' lang='lat' dir='ltr'>bonorum</span> <span class='ocrx_word' id='word_1_62' title='bbox 780 474 953 503; x_wconf 77' lang='lat' dir='ltr'>meorum.</span> <span class='ocrx_word' id='word_1_63' title='bbox 989 463 1106 496; x_wconf 89' lang='lat' dir='ltr'>omnis</span> <span class='ocrx_word' id='word_1_64' title='bbox 1140 462 1316 505; x_wconf 90' lang='lat' dir='ltr'>pecuniae</span> <span class='ocrx_word' id='word_1_65' title='bbox 1349 471 1450 494; x_wconf 90' lang='lat' dir='ltr'>meae</span> <span class='ocrx_word' id='word_1_66' title='bbox 1484 459 1559 493; x_wconf 88' lang='lat' dir='ltr'>sola</span> <span class='ocrx_word' id='word_1_67' title='bbox 1593 459 1698 493; x_wconf 89' lang='lat' dir='ltr'>heres</span> 
     </span>
     <span class='ocr_line' id='line_1_8' title="bbox 148 507 1698 556; baseline -0.006 -8"><span class='ocrx_word' id='word_1_68' title='bbox 148 517 244 548; x_wconf 87' lang='lat' dir='ltr'>esto:</span> <span class='ocrx_word' id='word_1_69' title='bbox 279 513 361 556; x_wconf 84' lang='lat' dir='ltr'>quia</span> <span class='ocrx_word' id='word_1_70' title='bbox 397 512 580 556; x_wconf 89' lang='lat' dir='ltr'>corrumpi</span> <span class='ocrx_word' id='word_1_71' title='bbox 605 523 678 546; x_wconf 93' lang='lat' dir='ltr'>non</span> <span class='ocrx_word' id='word_1_72' title='bbox 703 512 834 555; x_wconf 84' lang='lat' dir='ltr'>potuit,</span> <span class='ocrx_word' id='word_1_73' title='bbox 862 511 944 554; x_wconf 84' lang='lat' dir='ltr'>quia</span> <span class='ocrx_word' id='word_1_74' title='bbox 970 514 1025 543; x_wconf 89' lang='lat' dir='ltr'>tot</span> <span class='ocrx_word' id='word_1_75' title='bbox 1052 508 1371 543; x_wconf 80' lang='lat' dir='ltr'>sollicitationibus</span> <span class='ocrx_word' id='word_1_76' title='bbox 1399 507 1601 552; x_wconf 83' lang='lat' dir='ltr'>expugnari</span> <span class='ocrx_word' id='word_1_77' title='bbox 1626 517 1698 540; x_wconf 89' lang='lat' dir='ltr'>non</span> 
     </span>
     <span class='ocr_line' id='line_1_9' title="bbox 147 557 1149 605; baseline -0.003 -11"><span class='ocrx_word' id='word_1_78' title='bbox 147 561 280 605; x_wconf 77' lang='lat' dir='ltr'>potuity</span> <span class='ocrx_word' id='word_1_79' title='bbox 306 561 391 604; x_wconf 88' lang='lat' dir='ltr'>quia</span> <span class='ocrx_word' id='word_1_80' title='bbox 415 565 492 594; x_wconf 89' lang='lat' dir='ltr'>tam</span> <span class='ocrx_word' id='word_1_81' title='bbox 516 559 674 594; x_wconf 88' lang='lat' dir='ltr'>fideliter</span> <span class='ocrx_word' id='word_1_82' title='bbox 697 558 914 603; x_wconf 78' lang='lat' dir='ltr'>pudicitiam</span> <span class='ocrx_word' id='word_1_83' title='bbox 939 557 1149 591; x_wconf 78' lang='lat' dir='ltr'>custodivit.</span> 
     </span>
    </p>

    <p class='ocr_par' dir='ltr' id='par_1_3' title="bbox 145 612 1701 1036">
     <span class='ocr_line' id='line_1_10' title="bbox 244 612 1699 659; baseline -0.005 -5"><span class='ocrx_word' id='word_1_84' title='bbox 244 619 298 655; x_wconf 87' lang='lat'>19.</span> <span class='ocrx_word' id='word_1_85' title='bbox 340 618 500 654; x_wconf 79' lang='lat' dir='ltr'>offendit</span> <span class='ocrx_word' id='word_1_86' title='bbox 543 617 796 658; x_wconf 86' lang='lat' dir='ltr'>medicina,</span> <span class='ocrx_word' id='word_1_87' title='bbox 844 628 927 651; x_wconf 89' lang='lat' dir='ltr'>cum</span> <span class='ocrx_word' id='word_1_88' title='bbox 963 615 1113 650; x_wconf 87' lang='lat' dir='ltr'>secundi</span> <span class='ocrx_word' id='word_1_89' title='bbox 1145 615 1248 659; x_wconf 88' lang='lat' dir='ltr'>pedis</span> <span class='ocrx_word' id='word_1_90' title='bbox 1283 617 1518 658; x_wconf 81' lang='lat' dir='ltr'><strong>anapaestum</strong></span> <span class='ocrx_word' id='word_1_91' title='bbox 1553 612 1699 647; x_wconf 84' lang='lat' dir='ltr'>efficiat.</span> 
     </span>
     <span class='ocr_line' id='line_1_11' title="bbox 146 660 1699 710; baseline -0.005 -10"><span class='ocrx_word' id='word_1_92' title='bbox 146 665 202 703; x_wconf 90' lang='lat' dir='ltr'>Cf.</span> <span class='ocrx_word' id='word_1_93' title='bbox 228 666 334 702; x_wconf 90' lang='lat' dir='ltr'>Publ.</span> <span class='ocrx_word' id='word_1_94' title='bbox 362 666 393 700; x_wconf 91' lang='lat' dir='ltr'>B</span> <span class='ocrx_word' id='word_1_95' title='bbox 419 667 464 701; x_wconf 81' lang='lat'>29</span> <span class='ocrx_word' id='word_1_96' title='bbox 501 666 590 710; x_wconf 60' lang='lat'>(72).</span> <span class='ocrx_word' id='word_1_97' title='bbox 625 664 707 699; x_wconf 84' lang='lat' dir='ltr'>Sen.</span> <span class='ocrx_word' id='word_1_98' title='bbox 741 665 784 699; x_wconf 91' lang='lat' dir='ltr'>de</span> <span class='ocrx_word' id='word_1_99' title='bbox 819 664 960 708; x_wconf 81' lang='lat' dir='ltr'>provid.</span> <span class='ocrx_word' id='word_1_100' title='bbox 994 662 1068 698; x_wconf 83' lang='lat' dir='ltr'>III.</span> <span class='ocrx_word' id='word_1_101' title='bbox 1101 664 1133 697; x_wconf 85' lang='lat'>2.</span> <span class='ocrx_word' id='word_1_102' title='bbox 1169 662 1232 696; x_wconf 87' lang='lat' dir='ltr'>sed</span> <span class='ocrx_word' id='word_1_103' title='bbox 1268 662 1297 695; x_wconf 91' lang='lat' dir='ltr'>si</span> <span class='ocrx_word' id='word_1_104' title='bbox 1324 660 1541 706; x_wconf 78' lang='lat' dir='ltr'>cogitaveris</span> <span class='ocrx_word' id='word_1_105' title='bbox 1568 664 1699 700; x_wconf 81' lang='lat' dir='ltr'>tecum.</span> 
     </span>
     <span class='ocr_line' id='line_1_12' title="bbox 145 708 1701 757; baseline -0.005 -10"><span class='ocrx_word' id='word_1_106' title='bbox 145 714 341 749; x_wconf 85' lang='lat' dir='ltr'>remedii</span> <span class='ocrx_word' id='word_1_107' title='bbox 367 725 474 748; x_wconf 82' lang='lat' dir='ltr'>causa</span> <span class='ocrx_word' id='word_1_108' title='bbox 499 713 716 757; x_wconf 84' lang='lat' dir='ltr'>quibusdam</span> <span class='ocrx_word' id='word_1_109' title='bbox 742 718 777 747; x_wconf 91' lang='lat' dir='ltr'>et</span> <span class='ocrx_word' id='word_1_110' title='bbox 804 712 884 745; x_wconf 86' lang='lat' dir='ltr'>radi</span> <span class='ocrx_word' id='word_1_111' title='bbox 911 722 992 746; x_wconf 86' lang='lat' dir='ltr'>ossa</span> <span class='ocrx_word' id='word_1_112' title='bbox 1019 714 1053 744; x_wconf 88' lang='lat' dir='ltr'>et</span> <span class='ocrx_word' id='word_1_113' title='bbox 1080 710 1156 754; x_wconf 83' lang='lat' dir='ltr'>legi</span> <span class='ocrx_word' id='word_1_114' title='bbox 1183 714 1217 743; x_wconf 88' lang='lat' dir='ltr'>et</span> <span class='ocrx_word' id='word_1_115' title='bbox 1245 708 1386 743; x_wconf 79' lang='lat' dir='ltr'>extrahi</span> <span class='ocrx_word' id='word_1_116' title='bbox 1404 719 1511 742; x_wconf 77' lang='lat' dir='ltr'>venas</span> <span class='ocrx_word' id='word_1_117' title='bbox 1531 710 1565 741; x_wconf 94' lang='lat' dir='ltr'>et</span> <span class='ocrx_word' id='word_1_118' title='bbox 1593 718 1701 750; x_wconf 87' lang='lat' dir='ltr'>quae-</span> 
     </span>
     <span class='ocr_line' id='line_1_13' title="bbox 147 755 1701 805; baseline -0.005 -11"><span class='ocrx_word' id='word_1_119' title='bbox 147 760 234 796; x_wconf 89' lang='lat' dir='ltr'>dam</span> <span class='ocrx_word' id='word_1_120' title='bbox 269 761 452 805; x_wconf 89' lang='lat' dir='ltr'>amputari</span> <span class='ocrx_word' id='word_1_121' title='bbox 486 760 659 800; x_wconf 86' lang='lat' dir='ltr'>membra,</span> <span class='ocrx_word' id='word_1_122' title='bbox 695 771 785 803; x_wconf 85' lang='lat' dir='ltr'>quae</span> <span class='ocrx_word' id='word_1_123' title='bbox 817 759 892 793; x_wconf 91' lang='lat' dir='ltr'>sine</span> <span class='ocrx_word' id='word_1_124' title='bbox 924 759 1036 792; x_wconf 86' lang='lat' dir='ltr'>totius</span> <span class='ocrx_word' id='word_1_125' title='bbox 1070 757 1232 802; x_wconf 81' lang='lat' dir='ltr'>pernicie</span> <span class='ocrx_word' id='word_1_126' title='bbox 1258 756 1423 800; x_wconf 80' lang='lat' dir='ltr'>corporis</span> <span class='ocrx_word' id='word_1_127' title='bbox 1450 755 1600 788; x_wconf 89' lang='lat' dir='ltr'>haerere</span> <span class='ocrx_word' id='word_1_128' title='bbox 1627 765 1701 787; x_wconf 87' lang='lat' dir='ltr'>non</span> 
     </span>
     <span class='ocr_line' id='line_1_14' title="bbox 145 802 1700 853; baseline -0.006 -10"><span class='ocrx_word' id='word_1_129' title='bbox 145 812 317 853; x_wconf 85' lang='lat' dir='ltr'>poterant</span> <span class='ocrx_word' id='word_1_130' title='bbox 336 814 425 852; x_wconf 82' lang='lat' dir='ltr'>eth.</span> <span class='ocrx_word' id='word_1_131' title='bbox 444 808 488 842; x_wconf 87' lang='lat' dir='ltr'>de</span> <span class='ocrx_word' id='word_1_132' title='bbox 514 808 556 843; x_wconf 87' lang='lat' dir='ltr'>ir.</span> <span class='ocrx_word' id='word_1_133' title='bbox 575 806 606 843; x_wconf 86' lang='lat' dir='ltr'>I.</span> <span class='ocrx_word' id='word_1_134' title='bbox 630 808 682 847; x_wconf 89' lang='grc'>12,</span> <span class='ocrx_word' id='word_1_135' title='bbox 703 808 734 842; x_wconf 77' lang='grc'>6.</span> <span class='ocrx_word' id='word_1_136' title='bbox 753 806 1036 841; x_wconf 85' lang='lat' dir='ltr'>abominandum</span> <span class='ocrx_word' id='word_1_137' title='bbox 1062 804 1260 839; x_wconf 85' lang='lat' dir='ltr'>remedii</span> <span class='ocrx_word' id='word_1_138' title='bbox 1286 814 1399 848; x_wconf 84' lang='lat' dir='ltr'>genus</span> <span class='ocrx_word' id='word_1_139' title='bbox 1427 809 1478 837; x_wconf 88' lang='lat' dir='ltr'>est</span> <span class='ocrx_word' id='word_1_140' title='bbox 1506 802 1700 836; x_wconf 89' lang='lat' dir='ltr'>sanitatem</span> 
     </span>
     <span class='ocr_line' id='line_1_15' title="bbox 147 849 1699 897; baseline -0.006 -7"><span class='ocrx_word' id='word_1_141' title='bbox 147 855 281 890; x_wconf 89' lang='lat' dir='ltr'>debere</span> <span class='ocrx_word' id='word_1_142' title='bbox 325 855 465 890; x_wconf 85' lang='lat' dir='ltr'>morbo.</span> <span class='ocrx_word' id='word_1_143' title='bbox 523 854 730 889; x_wconf 72' lang='lat' dir='ltr'>Naturae</span> <span class='ocrx_word' id='word_1_144' title='bbox 773 853 953 897; x_wconf 83' lang='lat' dir='ltr'>aliquid</span> <span class='ocrx_word' id='word_1_145' title='bbox 995 857 1060 887; x_wconf 90' lang='lat' dir='ltr'>est.</span> <span class='ocrx_word' id='word_1_146' title='bbox 1103 852 1199 895; x_wconf 82' lang='lat' dir='ltr'>quod</span> <span class='ocrx_word' id='word_1_147' title='bbox 1240 863 1322 885; x_wconf 87' lang='lat' dir='ltr'>cum</span> <span class='ocrx_word' id='word_1_148' title='bbox 1363 853 1493 884; x_wconf 88' lang='lat' dir='ltr'>natura</span> <span class='ocrx_word' id='word_1_149' title='bbox 1536 849 1699 893; x_wconf 84' lang='lat' dir='ltr'>corporis</span> 
     </span>
     <span class='ocr_line' id='line_1_16' title="bbox 147 895 1700 948; baseline -0.005 -11"><span class='ocrx_word' id='word_1_150' title='bbox 147 903 321 948; x_wconf 88' lang='lat' dir='ltr'>sanguine</span> <span class='ocrx_word' id='word_1_151' title='bbox 364 902 545 936; x_wconf 85' lang='lat' dir='ltr'>cohaeret.</span> <span class='ocrx_word' id='word_1_152' title='bbox 584 901 639 937; x_wconf 85' lang='lat' dir='ltr'>Cf.</span> <span class='ocrx_word' id='word_1_153' title='bbox 678 900 803 946; x_wconf 79' lang='lat' dir='ltr'>Quint.</span> <span class='ocrx_word' id='word_1_154' title='bbox 832 899 943 934; x_wconf 74' lang='lat' dir='ltr'>VHI.</span> <span class='ocrx_word' id='word_1_155' title='bbox 983 901 1015 941; x_wconf 79' lang='lat'>3,</span> <span class='ocrx_word' id='word_1_156' title='bbox 1051 900 1106 934; x_wconf 67' lang='lat'>75.</span> <span class='ocrx_word' id='word_1_157' title='bbox 1148 898 1195 933; x_wconf 88' lang='lat' dir='ltr'>X.</span> <span class='ocrx_word' id='word_1_158' title='bbox 1235 899 1267 932; x_wconf 69' lang='lat'>4.</span> <span class='ocrx_word' id='word_1_159' title='bbox 1304 899 1336 933; x_wconf 71' lang='lat'>3.</span> <span class='ocrx_word' id='word_1_160' title='bbox 1380 896 1483 931; x_wconf 86' lang='lat' dir='ltr'>Haec</span> <span class='ocrx_word' id='word_1_161' title='bbox 1508 895 1700 930; x_wconf 83' lang='lat' dir='ltr'>Erasmus:</span> 
     </span>
     <span class='ocr_line' id='line_1_17' title="bbox 149 943 1698 993; baseline -0.005 -9"><span class='ocrx_word' id='word_1_162' title='bbox 149 949 363 993; x_wconf 76' lang='lat' dir='ltr'>„Medicina.</span> <span class='ocrx_word' id='word_1_163' title='bbox 397 961 487 993; x_wconf 87' lang='lat' dir='ltr'>quae</span> <span class='ocrx_word' id='word_1_164' title='bbox 520 949 633 984; x_wconf 87' lang='lat' dir='ltr'>laedit</span> <span class='ocrx_word' id='word_1_165' title='bbox 666 953 845 989; x_wconf 73' lang='lat' dir='ltr'>naturam,</span> <span class='ocrx_word' id='word_1_166' title='bbox 881 947 972 981; x_wconf 88' lang='lat' dir='ltr'>dura</span> <span class='ocrx_word' id='word_1_167' title='bbox 1006 953 1072 987; x_wconf 75' lang='lat' dir='ltr'>est.</span> <span class='ocrx_word' id='word_1_168' title='bbox 1107 946 1205 980; x_wconf 74' lang='lat' dir='ltr'>velut</span> <span class='ocrx_word' id='word_1_169' title='bbox 1234 957 1324 989; x_wconf 83' lang='lat' dir='ltr'>quae</span> <span class='ocrx_word' id='word_1_170' title='bbox 1350 944 1514 978; x_wconf 82' lang='lat' dir='ltr'>membra</span> <span class='ocrx_word' id='word_1_171' title='bbox 1547 943 1698 978; x_wconf 74' lang='lat' dir='ltr'>aufert.&#39;·‘</span> 
     </span>
     <span class='ocr_line' id='line_1_18' title="bbox 148 990 1700 1036; baseline -0.004 -5"><span class='ocrx_word' id='word_1_172' title='bbox 148 996 204 1031; x_wconf 92' lang='lat' dir='ltr'>De</span> <span class='ocrx_word' id='word_1_173' title='bbox 231 997 413 1032; x_wconf 90' lang='lat' dir='ltr'>sententia</span> <span class='ocrx_word' id='word_1_174' title='bbox 441 997 487 1032; x_wconf 86' lang='lat' dir='ltr'>cf.</span> <span class='ocrx_word' id='word_1_175' title='bbox 513 996 634 1031; x_wconf 86' lang='lat' dir='ltr'>Plaut.</span> <span class='ocrx_word' id='word_1_176' title='bbox 661 996 746 1030; x_wconf 80' lang='lat' dir='ltr'>Aul.</span> <span class='ocrx_word' id='word_1_177' title='bbox 772 995 824 1031; x_wconf 89' lang='grc' dir='ltr'>Π.</span> <span class='ocrx_word' id='word_1_178' title='bbox 852 996 883 1035; x_wconf 83' lang='grc'>2,</span> <span class='ocrx_word' id='word_1_179' title='bbox 912 996 967 1030; x_wconf 77' lang='grc'>30.</span> <span class='ocrx_word' id='word_1_180' title='bbox 996 994 1136 1029; x_wconf 79' lang='lat' dir='ltr'>salvum</span> <span class='ocrx_word' id='word_1_181' title='bbox 1162 997 1227 1034; x_wconf 72' lang='lat' dir='ltr'>est,</span> <span class='ocrx_word' id='word_1_182' title='bbox 1255 994 1285 1027; x_wconf 92' lang='lat' dir='ltr'>si</span> <span class='ocrx_word' id='word_1_183' title='bbox 1303 992 1389 1036; x_wconf 85' lang='lat' dir='ltr'>quid</span> <span class='ocrx_word' id='word_1_184' title='bbox 1415 1003 1488 1025; x_wconf 91' lang='lat' dir='ltr'>non</span> <span class='ocrx_word' id='word_1_185' title='bbox 1502 991 1607 1035; x_wconf 90' lang='lat' dir='ltr'>perit.</span> <span class='ocrx_word' id='word_1_186' title='bbox 1627 990 1700 1025; x_wconf 88' lang='lat' dir='ltr'>Cic.</span> 
     </span>
    </p>
   </div>
   <div class='ocr_carea' id='block_1_3' title="bbox 146 1043 444 1085">
    <p class='ocr_par' dir='ltr' id='par_1_4' title="bbox 146 1043 444 1085">
     <span class='ocr_line' id='line_1_19' title="bbox 146 1043 444 1085; baseline -0.003 -6"><span class='ocrx_word' id='word_1_187' title='bbox 146 1043 224 1079; x_wconf 85' lang='lat' dir='ltr'>Cat.</span> <span class='ocrx_word' id='word_1_188' title='bbox 250 1043 302 1079; x_wconf 87' lang='grc' dir='ltr'>Π.</span> <span class='ocrx_word' id='word_1_189' title='bbox 331 1045 362 1085; x_wconf 77' lang='lat'>5.</span> <span class='ocrx_word' id='word_1_190' title='bbox 390 1046 444 1079; x_wconf 82' lang='lat'>11.</span> 
     </span>
    </p>
   </div>
   <div class='ocr_carea' id='block_1_4' title="bbox 144 1097 1705 2104">
    <p class='ocr_par' dir='ltr' id='par_1_5' title="bbox 144 1097 1702 1524">
     <span class='ocr_line' id='line_1_20' title="bbox 242 1097 1701 1147; baseline -0.006 -9"><span class='ocrx_word' id='word_1_191' title='bbox 242 1103 297 1138; x_wconf 91' lang='grc'><strong>20.</strong></span> <span class='ocrx_word' id='word_1_192' title='bbox 334 1102 493 1137; x_wconf 76' lang='lat' dir='ltr'>Versum</span> <span class='ocrx_word' id='word_1_193' title='bbox 526 1104 789 1147; x_wconf 89' lang='lat' dir='ltr'>interpretatur</span> <span class='ocrx_word' id='word_1_194' title='bbox 822 1102 904 1137; x_wconf 90' lang='lat' dir='ltr'>Sen.</span> <span class='ocrx_word' id='word_1_195' title='bbox 939 1104 1012 1135; x_wconf 84' lang='lat' dir='ltr'>nat.</span> <span class='ocrx_word' id='word_1_196' title='bbox 1046 1103 1183 1144; x_wconf 86' lang='lat' dir='ltr'>quaest.</span> <span class='ocrx_word' id='word_1_197' title='bbox 1218 1098 1291 1134; x_wconf 88' lang='grc' dir='ltr'>ΠΙ.</span> <span class='ocrx_word' id='word_1_198' title='bbox 1327 1098 1381 1139; x_wconf 77' lang='grc'>30,</span> <span class='ocrx_word' id='word_1_199' title='bbox 1416 1098 1448 1133; x_wconf 65' lang='lat'>8.</span> <span class='ocrx_word' id='word_1_200' title='bbox 1506 1097 1623 1131; x_wconf 86' lang='lat' dir='ltr'>Omne</span> <span class='ocrx_word' id='word_1_201' title='bbox 1657 1108 1701 1131; x_wconf 74' lang='lat' dir='ltr'>ex</span> 
     </span>
     <span class='ocr_line' id='line_1_21' title="bbox 150 1145 1700 1195; baseline -0.005 -11"><span class='ocrx_word' id='word_1_202' title='bbox 150 1150 295 1195; x_wconf 83' lang='lat' dir='ltr'>integro</span> <span class='ocrx_word' id='word_1_203' title='bbox 329 1150 464 1184; x_wconf 89' lang='lat' dir='ltr'>animal</span> <span class='ocrx_word' id='word_1_204' title='bbox 497 1151 733 1195; x_wconf 84' lang='lat' dir='ltr'>generabitur</span> <span class='ocrx_word' id='word_1_205' title='bbox 766 1149 984 1192; x_wconf 84' lang='lat' dir='ltr'>dabiturque</span> <span class='ocrx_word' id='word_1_206' title='bbox 1016 1148 1124 1182; x_wconf 90' lang='lat' dir='ltr'>terris</span> <span class='ocrx_word' id='word_1_207' title='bbox 1157 1147 1266 1180; x_wconf 84' lang='lat' dir='ltr'>homo</span> <span class='ocrx_word' id='word_1_208' title='bbox 1299 1147 1432 1180; x_wconf 87' lang='lat' dir='ltr'>inscius</span> <span class='ocrx_word' id='word_1_209' title='bbox 1459 1145 1639 1179; x_wconf 89' lang='lat' dir='ltr'>scelerum</span> <span class='ocrx_word' id='word_1_210' title='bbox 1666 1147 1700 1177; x_wconf 89' lang='lat' dir='ltr'>et</span> 
     </span>
     <span class='ocr_line' id='line_1_22' title="bbox 150 1191 1702 1241; baseline -0.005 -10"><span class='ocrx_word' id='word_1_211' title='bbox 150 1198 363 1231; x_wconf 84' lang='lat' dir='ltr'>melioribus</span> <span class='ocrx_word' id='word_1_212' title='bbox 389 1198 559 1241; x_wconf 84' lang='lat' dir='ltr'>auspiciis</span> <span class='ocrx_word' id='word_1_213' title='bbox 585 1203 701 1232; x_wconf 82' lang='lat' dir='ltr'>natus.</span> <span class='ocrx_word' id='word_1_214' title='bbox 753 1196 826 1231; x_wconf 86' lang='lat' dir='ltr'>Sed</span> <span class='ocrx_word' id='word_1_215' title='bbox 852 1196 924 1230; x_wconf 90' lang='lat' dir='ltr'>illis</span> <span class='ocrx_word' id='word_1_216' title='bbox 951 1206 1093 1239; x_wconf 86' lang='lat' dir='ltr'>quoque</span> <span class='ocrx_word' id='word_1_217' title='bbox 1118 1194 1328 1228; x_wconf 79' lang='lat' dir='ltr'>innocentia</span> <span class='ocrx_word' id='word_1_218' title='bbox 1350 1204 1423 1227; x_wconf 89' lang='lat' dir='ltr'>non</span> <span class='ocrx_word' id='word_1_219' title='bbox 1449 1192 1605 1232; x_wconf 80' lang='lat' dir='ltr'>durabit.</span> <span class='ocrx_word' id='word_1_220' title='bbox 1633 1191 1702 1225; x_wconf 82' lang='lat' dir='ltr'>nisi</span> 
     </span>
     <span class='ocr_line' id='line_1_23' title="bbox 152 1240 1700 1288; baseline -0.005 -9"><span class='ocrx_word' id='word_1_221' title='bbox 152 1244 238 1279; x_wconf 86' lang='lat' dir='ltr'>dum</span> <span class='ocrx_word' id='word_1_222' title='bbox 274 1245 359 1279; x_wconf 78' lang='lat' dir='ltr'>novi</span> <span class='ocrx_word' id='word_1_223' title='bbox 393 1250 488 1280; x_wconf 86' lang='lat' dir='ltr'>sunt.</span> <span class='ocrx_word' id='word_1_224' title='bbox 547 1244 630 1279; x_wconf 88' lang='lat' dir='ltr'>Cito</span> <span class='ocrx_word' id='word_1_225' title='bbox 671 1245 834 1288; x_wconf 83' lang='lat' dir='ltr'>nequitia</span> <span class='ocrx_word' id='word_1_226' title='bbox 876 1243 1056 1287; x_wconf 85' lang='lat' dir='ltr'>subrepit:</span> <span class='ocrx_word' id='word_1_227' title='bbox 1095 1242 1210 1275; x_wconf 72' lang='lat' dir='ltr'>virtus</span> <span class='ocrx_word' id='word_1_228' title='bbox 1253 1240 1416 1275; x_wconf 71' lang='lat' dir='ltr'>difficilis</span> <span class='ocrx_word' id='word_1_229' title='bbox 1452 1241 1601 1273; x_wconf 73' lang='lat' dir='ltr'>inventu</span> <span class='ocrx_word' id='word_1_230' title='bbox 1636 1243 1700 1273; x_wconf 90' lang='lat' dir='ltr'>est.</span> 
     </span>
     <span class='ocr_line' id='line_1_24' title="bbox 150 1286 1701 1336; baseline -0.005 -10"><span class='ocrx_word' id='word_1_231' title='bbox 150 1291 349 1326; x_wconf 86' lang='lat' dir='ltr'>Rectorem</span> <span class='ocrx_word' id='word_1_232' title='bbox 387 1292 586 1336; x_wconf 87' lang='lat' dir='ltr'>ducemque</span> <span class='ocrx_word' id='word_1_233' title='bbox 629 1291 834 1326; x_wconf 78' lang='lat' dir='ltr'>desiderat:</span> <span class='ocrx_word' id='word_1_234' title='bbox 875 1291 1015 1324; x_wconf 89' lang='lat' dir='ltr'>etiam</span> <span class='ocrx_word' id='word_1_235' title='bbox 1057 1289 1157 1323; x_wconf 90' lang='lat' dir='ltr'>sine</span> <span class='ocrx_word' id='word_1_236' title='bbox 1201 1289 1433 1333; x_wconf 81' lang='lat' dir='ltr'>magistro</span> <span class='ocrx_word' id='word_1_237' title='bbox 1472 1287 1592 1320; x_wconf 77' lang='lat' dir='ltr'>vitia</span> <span class='ocrx_word' id='word_1_238' title='bbox 1631 1286 1701 1319; x_wconf 89' lang='lat' dir='ltr'>di-</span> 
     </span>
     <span class='ocr_line' id='line_1_25' title="bbox 152 1334 1699 1381; baseline -0.005 -8"><span class='ocrx_word' id='word_1_239' title='bbox 152 1343 357 1373; x_wconf 85' lang='lat' dir='ltr'>scuntur.</span> <span class='ocrx_word' id='word_1_240' title='bbox 410 1339 493 1381; x_wconf 79' lang='lat' dir='ltr'>„Ad</span> <span class='ocrx_word' id='word_1_241' title='bbox 517 1340 613 1373; x_wconf 87' lang='lat' dir='ltr'>mala</span> <span class='ocrx_word' id='word_1_242' title='bbox 639 1339 697 1373; x_wconf 76' lang='lat' dir='ltr'>vel</span> <span class='ocrx_word' id='word_1_243' title='bbox 724 1339 815 1372; x_wconf 84' lang='lat' dir='ltr'>citra</span> <span class='ocrx_word' id='word_1_244' title='bbox 849 1338 1035 1372; x_wconf 86' lang='lat' dir='ltr'>doctorem</span> <span class='ocrx_word' id='word_1_245' title='bbox 1067 1348 1188 1370; x_wconf 89' lang='lat' dir='ltr'>sumus</span> <span class='ocrx_word' id='word_1_246' title='bbox 1216 1335 1348 1369; x_wconf 84' lang='lat' dir='ltr'>idonei.</span> <span class='ocrx_word' id='word_1_247' title='bbox 1383 1335 1499 1368; x_wconf 71' lang='lat' dir='ltr'>virtus</span> <span class='ocrx_word' id='word_1_248' title='bbox 1527 1334 1699 1367; x_wconf 78' lang='lat' dir='ltr'>discitur-⁴</span> 
     </span>
     <span class='ocr_line' id='line_1_26' title="bbox 151 1380 1702 1429; baseline -0.006 -9"><span class='ocrx_word' id='word_1_249' title='bbox 151 1385 334 1421; x_wconf 90' lang='lat' dir='ltr'>Erasmus.</span> <span class='ocrx_word' id='word_1_250' title='bbox 362 1386 546 1420; x_wconf 75' lang='lat' dir='ltr'>Nauckius</span> <span class='ocrx_word' id='word_1_251' title='bbox 573 1386 595 1422; x_wconf 94' lang='grc'>1.</span> <span class='ocrx_word' id='word_1_252' title='bbox 617 1386 640 1421; x_wconf 95' lang='lat' dir='ltr'>l.</span> <span class='ocrx_word' id='word_1_253' title='bbox 669 1386 771 1420; x_wconf 81' lang='lat' dir='ltr'>affert</span> <span class='ocrx_word' id='word_1_254' title='bbox 799 1385 923 1429; x_wconf 67' lang='lat' dir='ltr'>Synes.</span> <span class='ocrx_word' id='word_1_255' title='bbox 951 1384 995 1418; x_wconf 84' lang='lat' dir='ltr'>de</span> <span class='ocrx_word' id='word_1_256' title='bbox 1021 1383 1164 1428; x_wconf 73' lang='lat' dir='ltr'>provid.</span> <span class='ocrx_word' id='word_1_257' title='bbox 1192 1395 1226 1427; x_wconf 89' lang='lat' dir='ltr'>p.</span> <span class='ocrx_word' id='word_1_258' title='bbox 1257 1384 1322 1417; x_wconf 72' lang='lat'>125</span> <span class='ocrx_word' id='word_1_259' title='bbox 1349 1382 1387 1416; x_wconf 90' lang='lat' dir='ltr'>C.</span> <span class='ocrx_word' id='word_1_260' title='bbox 1415 1385 1517 1414; x_wconf 78' lang='grc' dir='ltr'><em>κακία</em></span> <span class='ocrx_word' id='word_1_261' title='bbox 1542 1383 1608 1423; x_wconf 70' lang='grc' dir='ltr'>μὲν</span> <span class='ocrx_word' id='word_1_262' title='bbox 1634 1380 1702 1425; x_wconf 60' lang='lat'>7519</span> 
     </span>
     <span class='ocr_line' id='line_1_27' title="bbox 151 1427 1695 1478; baseline -0.003 -13"><span class='ocrx_word' id='word_1_263' title='bbox 151 1431 418 1473; x_wconf 74' lang='grc' dir='ltr'><em>αὐτοδίδακτον,</em></span> <span class='ocrx_word' id='word_1_264' title='bbox 454 1433 557 1478; x_wconf 64' lang='grc' dir='ltr'><em>ἀρετὴ</em></span> <span class='ocrx_word' id='word_1_265' title='bbox 591 1432 625 1466; x_wconf 74' lang='grc' dir='ltr'>δὲ</span> <span class='ocrx_word' id='word_1_266' title='bbox 660 1433 724 1466; x_wconf 63' lang='grc' dir='ltr'>σὺν</span> <span class='ocrx_word' id='word_1_267' title='bbox 750 1434 853 1473; x_wconf 72' lang='grc' dir='ltr'>,τόνῳ</span> <span class='ocrx_word' id='word_1_268' title='bbox 886 1433 1022 1471; x_wconf 70' lang='grc' dir='ltr'>κτᾶται,</span> <span class='ocrx_word' id='word_1_269' title='bbox 1058 1431 1147 1466; x_wconf 82' lang='lat' dir='ltr'>item</span> <span class='ocrx_word' id='word_1_270' title='bbox 1183 1430 1295 1474; x_wconf 83' lang='lat' dir='ltr'>Soph.</span> <span class='ocrx_word' id='word_1_271' title='bbox 1331 1440 1421 1473; x_wconf 81' lang='lat' dir='ltr'>quae</span> <span class='ocrx_word' id='word_1_272' title='bbox 1448 1428 1624 1469; x_wconf 86' lang='lat' dir='ltr'>feruntur,</span> <span class='ocrx_word' id='word_1_273' title='bbox 1652 1427 1695 1462; x_wconf 83' lang='lat' dir='ltr'>fr.</span> 
     </span>
     <span class='ocr_line' id='line_1_28' title="bbox 144 1480 374 1524; baseline 0.004 -9"><span class='ocrx_word' id='word_1_274' title='bbox 144 1480 223 1521; x_wconf 82' lang='grc'><strong>736,</strong></span> <span class='ocrx_word' id='word_1_275' title='bbox 251 1482 270 1516; x_wconf 86' lang='grc'>6</span> <span class='ocrx_word' id='word_1_276' title='bbox 299 1492 374 1524; x_wconf 83' lang='lat' dir='ltr'>sqq.</span> 
     </span>
    </p>

    <p class='ocr_par' dir='ltr' id='par_1_6' title="bbox 146 1534 1705 2104">
     <span class='ocr_line' id='line_1_29' title="bbox 241 1534 1701 1584; baseline -0.004 -9"><span class='ocrx_word' id='word_1_277' title='bbox 241 1541 297 1576; x_wconf 83' lang='lat'>21.</span> <span class='ocrx_word' id='word_1_278' title='bbox 326 1539 554 1574; x_wconf 87' lang='lat' dir='ltr'>Sententiam</span> <span class='ocrx_word' id='word_1_279' title='bbox 591 1540 775 1584; x_wconf 79' lang='lat' dir='ltr'>explicant</span> <span class='ocrx_word' id='word_1_280' title='bbox 815 1551 940 1573; x_wconf 81' lang='lat' dir='ltr'>versus</span> <span class='ocrx_word' id='word_1_281' title='bbox 981 1538 1087 1573; x_wconf 87' lang='lat' dir='ltr'>Publ.</span> <span class='ocrx_word' id='word_1_282' title='bbox 1127 1538 1158 1572; x_wconf 87' lang='lat' dir='ltr'>B</span> <span class='ocrx_word' id='word_1_283' title='bbox 1193 1538 1237 1572; x_wconf 72' lang='lat'>34</span> <span class='ocrx_word' id='word_1_284' title='bbox 1276 1537 1355 1581; x_wconf 64' lang='grc' dir='ltr'>(Π)</span> <span class='ocrx_word' id='word_1_285' title='bbox 1390 1539 1423 1569; x_wconf 89' lang='lat' dir='ltr'>et</span> <span class='ocrx_word' id='word_1_286' title='bbox 1458 1534 1496 1570; x_wconf 87' lang='lat' dir='ltr'><strong>H</strong></span> <span class='ocrx_word' id='word_1_287' title='bbox 1528 1536 1548 1570; x_wconf 78' lang='lat'>6</span> <span class='ocrx_word' id='word_1_288' title='bbox 1587 1534 1701 1579; x_wconf 63' lang='lat'>(208).</span> 
     </span>
     <span class='ocr_line' id='line_1_30' title="bbox 146 1582 1701 1631; baseline -0.005 -10"><span class='ocrx_word' id='word_1_289' title='bbox 146 1586 177 1621; x_wconf 86' lang='lat' dir='ltr'><strong>F</strong></span> <span class='ocrx_word' id='word_1_290' title='bbox 180 1588 275 1631; x_wconf 84' lang='lat' dir='ltr'>riget</span> <span class='ocrx_word' id='word_1_291' title='bbox 301 1587 445 1621; x_wconf 86' lang='lat' dir='ltr'>Erasmi</span> <span class='ocrx_word' id='word_1_292' title='bbox 469 1599 596 1621; x_wconf 75' lang='lat' dir='ltr'>versus</span> <span class='ocrx_word' id='word_1_293' title='bbox 622 1599 704 1621; x_wconf 87' lang='lat' dir='ltr'>cum</span> <span class='ocrx_word' id='word_1_294' title='bbox 730 1587 797 1621; x_wconf 90' lang='lat' dir='ltr'>hac</span> <span class='ocrx_word' id='word_1_295' title='bbox 823 1586 1142 1631; x_wconf 86' lang='lat' dir='ltr'>interpretatione:</span> <span class='ocrx_word' id='word_1_296' title='bbox 1186 1583 1282 1628; x_wconf 76' lang='lat' dir='ltr'>..Qui</span> <span class='ocrx_word' id='word_1_297' title='bbox 1309 1585 1384 1617; x_wconf 91' lang='lat' dir='ltr'>sine</span> <span class='ocrx_word' id='word_1_298' title='bbox 1411 1582 1574 1627; x_wconf 84' lang='lat' dir='ltr'>periculo</span> <span class='ocrx_word' id='word_1_299' title='bbox 1600 1582 1701 1621; x_wconf 73' lang='lat' dir='ltr'>vivit.</span> 
     </span>
     <span class='ocr_line' id='line_1_31' title="bbox 148 1629 1700 1670; baseline -0.003 -2"><span class='ocrx_word' id='word_1_300' title='bbox 148 1635 178 1668; x_wconf 86' lang='lat' dir='ltr'>is</span> <span class='ocrx_word' id='word_1_301' title='bbox 204 1634 362 1669; x_wconf 88' lang='lat' dir='ltr'>feliciter</span> <span class='ocrx_word' id='word_1_302' title='bbox 386 1635 513 1670; x_wconf 55' lang='lat' dir='ltr'>vivite*</span> <span class='ocrx_word' id='word_1_303' title='bbox 550 1635 763 1669; x_wconf 86' lang='lat' dir='ltr'>Assentitur</span> <span class='ocrx_word' id='word_1_304' title='bbox 798 1634 975 1668; x_wconf 84' lang='lat' dir='ltr'>Gruterus</span> <span class='ocrx_word' id='word_1_305' title='bbox 1011 1633 1057 1667; x_wconf 88' lang='lat' dir='ltr'>ad</span> <span class='ocrx_word' id='word_1_306' title='bbox 1082 1632 1188 1668; x_wconf 86' lang='lat' dir='ltr'>Publ.</span> <span class='ocrx_word' id='word_1_307' title='bbox 1215 1644 1246 1665; x_wconf 73' lang='lat' dir='ltr'>v.</span> <span class='ocrx_word' id='word_1_308' title='bbox 1274 1632 1354 1666; x_wconf 75' lang='lat'>415.</span> <span class='ocrx_word' id='word_1_309' title='bbox 1390 1642 1470 1664; x_wconf 91' lang='lat' dir='ltr'>cum</span> <span class='ocrx_word' id='word_1_310' title='bbox 1497 1630 1534 1663; x_wconf 91' lang='lat' dir='ltr'>in</span> <span class='ocrx_word' id='word_1_311' title='bbox 1560 1641 1593 1664; x_wconf 77' lang='lat' dir='ltr'>v.</span> <span class='ocrx_word' id='word_1_312' title='bbox 1619 1629 1700 1664; x_wconf 78' lang='lat'>416.</span> 
     </span>
     <span class='ocr_line' id='line_1_32' title="bbox 149 1676 1702 1726; baseline -0.005 -10"><span class='ocrx_word' id='word_1_313' title='bbox 149 1692 194 1716; x_wconf 85' lang='lat' dir='ltr'>ex</span> <span class='ocrx_word' id='word_1_314' title='bbox 219 1694 251 1717; x_wconf 84' lang='lat' dir='ltr'>v.</span> <span class='ocrx_word' id='word_1_315' title='bbox 278 1682 357 1717; x_wconf 75' lang='lat'>415.</span> <span class='ocrx_word' id='word_1_316' title='bbox 392 1686 432 1716; x_wconf 87' lang='lat' dir='ltr'>ut</span> <span class='ocrx_word' id='word_1_317' title='bbox 467 1682 638 1726; x_wconf 90' lang='lat' dir='ltr'>opinatur</span> <span class='ocrx_word' id='word_1_318' title='bbox 669 1681 870 1726; x_wconf 73' lang='lat' dir='ltr'>depravato</span> <span class='ocrx_word' id='word_1_319' title='bbox 904 1681 995 1715; x_wconf 87' lang='lat' dir='ltr'>nihil</span> <span class='ocrx_word' id='word_1_320' title='bbox 1022 1681 1121 1714; x_wconf 88' lang='lat' dir='ltr'>acuti</span> <span class='ocrx_word' id='word_1_321' title='bbox 1147 1690 1358 1723; x_wconf 87' lang='lat' dir='ltr'>comparere</span> <span class='ocrx_word' id='word_1_322' title='bbox 1385 1678 1493 1712; x_wconf 89' lang='lat' dir='ltr'>dicat.</span> <span class='ocrx_word' id='word_1_323' title='bbox 1544 1676 1702 1711; x_wconf 80' lang='lat' dir='ltr'>Versum</span> 
     </span>
     <span class='ocr_line' id='line_1_33' title="bbox 148 1724 1703 1773; baseline -0.005 -10"><span class='ocrx_word' id='word_1_324' title='bbox 148 1732 270 1763; x_wconf 86' lang='lat' dir='ltr'>autem</span> <span class='ocrx_word' id='word_1_325' title='bbox 307 1730 386 1764; x_wconf 77' lang='lat'>415.</span> <span class='ocrx_word' id='word_1_326' title='bbox 426 1730 477 1763; x_wconf 89' lang='lat' dir='ltr'>sic</span> <span class='ocrx_word' id='word_1_327' title='bbox 503 1729 681 1773; x_wconf 88' lang='lat' dir='ltr'>explicat:</span> <span class='ocrx_word' id='word_1_328' title='bbox 720 1729 794 1769; x_wconf 76' lang='lat' dir='ltr'>„At</span> <span class='ocrx_word' id='word_1_329' title='bbox 833 1728 935 1773; x_wconf 87' lang='lat' dir='ltr'>prior</span> <span class='ocrx_word' id='word_1_330' title='bbox 969 1728 1119 1772; x_wconf 88' lang='lat' dir='ltr'>respicit</span> <span class='ocrx_word' id='word_1_331' title='bbox 1152 1727 1356 1771; x_wconf 87' lang='lat' dir='ltr'>inquietum</span> <span class='ocrx_word' id='word_1_332' title='bbox 1390 1724 1481 1758; x_wconf 87' lang='lat' dir='ltr'>illud</span> <span class='ocrx_word' id='word_1_333' title='bbox 1514 1724 1703 1758; x_wconf 89' lang='lat' dir='ltr'>hominum</span> 
     </span>
     <span class='ocr_line' id='line_1_34' title="bbox 149 1772 1701 1821; baseline -0.005 -10"><span class='ocrx_word' id='word_1_334' title='bbox 149 1787 274 1821; x_wconf 86' lang='lat' dir='ltr'>genus,</span> <span class='ocrx_word' id='word_1_335' title='bbox 301 1777 399 1820; x_wconf 89' lang='lat' dir='ltr'>quod</span> <span class='ocrx_word' id='word_1_336' title='bbox 424 1776 595 1810; x_wconf 88' lang='lat' dir='ltr'>fortunae</span> <span class='ocrx_word' id='word_1_337' title='bbox 613 1788 697 1810; x_wconf 88' lang='lat' dir='ltr'>suae</span> <span class='ocrx_word' id='word_1_338' title='bbox 724 1775 904 1811; x_wconf 84' lang='lat' dir='ltr'>secundae</span> <span class='ocrx_word' id='word_1_339' title='bbox 931 1786 1074 1819; x_wconf 89' lang='lat' dir='ltr'>semper</span> <span class='ocrx_word' id='word_1_340' title='bbox 1098 1776 1225 1808; x_wconf 89' lang='lat' dir='ltr'>instat.</span> <span class='ocrx_word' id='word_1_341' title='bbox 1252 1773 1401 1817; x_wconf 85' lang='lat' dir='ltr'>negotia</span> <span class='ocrx_word' id='word_1_342' title='bbox 1428 1772 1569 1815; x_wconf 87' lang='lat' dir='ltr'>quaerit</span> <span class='ocrx_word' id='word_1_343' title='bbox 1596 1782 1614 1805; x_wconf 91' lang='lat' dir='ltr'>e</span> <span class='ocrx_word' id='word_1_344' title='bbox 1641 1782 1701 1805; x_wconf 88' lang='lat' dir='ltr'>ne-</span> 
     </span>
     <span class='ocr_line' id='line_1_35' title="bbox 148 1818 1703 1869; baseline -0.004 -12"><span class='ocrx_word' id='word_1_345' title='bbox 148 1824 271 1869; x_wconf 73' lang='lat' dir='ltr'>gotiis,</span> <span class='ocrx_word' id='word_1_346' title='bbox 305 1823 403 1858; x_wconf 84' lang='lat' dir='ltr'>bella</span> <span class='ocrx_word' id='word_1_347' title='bbox 437 1835 455 1858; x_wconf 93' lang='lat' dir='ltr'>e</span> <span class='ocrx_word' id='word_1_348' title='bbox 480 1824 598 1859; x_wconf 83' lang='lat' dir='ltr'>bellis.</span> <span class='ocrx_word' id='word_1_349' title='bbox 626 1823 717 1858; x_wconf 86' lang='lat' dir='ltr'>tales</span> <span class='ocrx_word' id='word_1_350' title='bbox 743 1824 850 1863; x_wconf 83' lang='lat' dir='ltr'>enim,</span> <span class='ocrx_word' id='word_1_351' title='bbox 884 1823 954 1858; x_wconf 86' lang='lat' dir='ltr'>etsi</span> <span class='ocrx_word' id='word_1_352' title='bbox 980 1822 1115 1862; x_wconf 74' lang='lat' dir='ltr'>felices,</span> <span class='ocrx_word' id='word_1_353' title='bbox 1143 1822 1294 1856; x_wconf 91' lang='lat' dir='ltr'>miseros</span> <span class='ocrx_word' id='word_1_354' title='bbox 1321 1822 1428 1854; x_wconf 74' lang='lat' dir='ltr'>vocat</span> <span class='ocrx_word' id='word_1_355' title='bbox 1454 1823 1591 1858; x_wconf 77' lang='lat' dir='ltr'>auctor.</span> <span class='ocrx_word' id='word_1_356' title='bbox 1619 1818 1703 1862; x_wconf 89' lang='lat' dir='ltr'>quia</span> 
     </span>
     <span class='ocr_line' id='line_1_36' title="bbox 150 1866 1702 1915; baseline -0.004 -11"><span class='ocrx_word' id='word_1_357' title='bbox 150 1882 294 1915; x_wconf 85' lang='lat' dir='ltr'>semper</span> <span class='ocrx_word' id='word_1_358' title='bbox 327 1871 425 1905; x_wconf 88' lang='lat' dir='ltr'>circa</span> <span class='ocrx_word' id='word_1_359' title='bbox 451 1870 624 1915; x_wconf 87' lang='lat' dir='ltr'>pericula.</span> <span class='ocrx_word' id='word_1_360' title='bbox 657 1870 763 1905; x_wconf 88' lang='lat' dir='ltr'>huius</span> <span class='ocrx_word' id='word_1_361' title='bbox 790 1871 901 1904; x_wconf 88' lang='lat' dir='ltr'>animi</span> <span class='ocrx_word' id='word_1_362' title='bbox 926 1870 1112 1904; x_wconf 88' lang='lat' dir='ltr'>hominem</span> <span class='ocrx_word' id='word_1_363' title='bbox 1145 1881 1258 1902; x_wconf 89' lang='lat' dir='ltr'>unum</span> <span class='ocrx_word' id='word_1_364' title='bbox 1283 1879 1349 1912; x_wconf 90' lang='lat' dir='ltr'>pro</span> <span class='ocrx_word' id='word_1_365' title='bbox 1375 1866 1501 1901; x_wconf 87' lang='lat' dir='ltr'>multis</span> <span class='ocrx_word' id='word_1_366' title='bbox 1526 1866 1702 1911; x_wconf 83' lang='lat' dir='ltr'>graphice</span> 
     </span>
     <span class='ocr_line' id='line_1_37' title="bbox 148 1913 1702 1963; baseline -0.003 -12"><span class='ocrx_word' id='word_1_367' title='bbox 148 1918 254 1952; x_wconf 86' lang='lat' dir='ltr'>nobis</span> <span class='ocrx_word' id='word_1_368' title='bbox 280 1918 447 1963; x_wconf 78' lang='lat' dir='ltr'>depinxit</span> <span class='ocrx_word' id='word_1_369' title='bbox 475 1918 684 1953; x_wconf 88' lang='lat' dir='ltr'>Cornelium</span> <span class='ocrx_word' id='word_1_370' title='bbox 709 1917 865 1952; x_wconf 86' lang='lat' dir='ltr'>Fuscum</span> <span class='ocrx_word' id='word_1_371' title='bbox 891 1917 954 1953; x_wconf 86' lang='lat' dir='ltr'>lib.</span> <span class='ocrx_word' id='word_1_372' title='bbox 980 1916 1030 1951; x_wconf 90' lang='grc' dir='ltr'>Π.</span> <span class='ocrx_word' id='word_1_373' title='bbox 1050 1917 1288 1951; x_wconf 88' lang='lat' dir='ltr'>historiarum</span> <span class='ocrx_word' id='word_1_374' title='bbox 1313 1914 1498 1948; x_wconf 78' lang='lat' dir='ltr'>Tacitus.“</span> <span class='ocrx_word' id='word_1_375' title='bbox 1525 1913 1702 1947; x_wconf 79' lang='lat' dir='ltr'>Nisardus</span> 
     </span>
     <span class='ocr_line' id='line_1_38' title="bbox 147 1959 1705 2008; baseline -0.003 -10"><span class='ocrx_word' id='word_1_376' title='bbox 147 1965 200 1999; x_wconf 84' lang='lat' dir='ltr'>ita</span> <span class='ocrx_word' id='word_1_377' title='bbox 232 1966 361 2000; x_wconf 85' lang='lat' dir='ltr'>vertit:</span> <span class='ocrx_word' id='word_1_378' title='bbox 400 1965 643 2000; x_wconf 83' lang='lat' dir='ltr'>Malheureux</span> <span class='ocrx_word' id='word_1_379' title='bbox 676 1965 769 2000; x_wconf 90' lang='lat' dir='ltr'>celui</span> <span class='ocrx_word' id='word_1_380' title='bbox 793 1965 854 2008; x_wconf 90' lang='lat' dir='ltr'>qui</span> <span class='ocrx_word' id='word_1_381' title='bbox 880 1976 925 1998; x_wconf 91' lang='lat' dir='ltr'>ne</span> <span class='ocrx_word' id='word_1_382' title='bbox 951 1965 1021 1998; x_wconf 89' lang='lat' dir='ltr'>sait</span> <span class='ocrx_word' id='word_1_383' title='bbox 1046 1976 1110 2008; x_wconf 89' lang='lat' dir='ltr'>pas</span> <span class='ocrx_word' id='word_1_384' title='bbox 1135 1964 1236 1998; x_wconf 62' lang='lat' dir='ltr'>vivre</span> <span class='ocrx_word' id='word_1_385' title='bbox 1262 1973 1344 1996; x_wconf 86' lang='lat' dir='ltr'>sans</span> <span class='ocrx_word' id='word_1_386' title='bbox 1370 1961 1475 2006; x_wconf 79' lang='lat' dir='ltr'>peril.</span> <span class='ocrx_word' id='word_1_387' title='bbox 1525 1960 1577 1995; x_wconf 85' lang='lat' dir='ltr'>At</span> <span class='ocrx_word' id='word_1_388' title='bbox 1604 1959 1705 1994; x_wconf 86' lang='lat' dir='ltr'>aliud</span> 
     </span>
     <span class='ocr_line' id='line_1_39' title="bbox 149 2008 1702 2057; baseline -0.003 -11"><span class='ocrx_word' id='word_1_389' title='bbox 149 2016 206 2046; x_wconf 79' lang='lat' dir='ltr'>est</span> <span class='ocrx_word' id='word_1_390' title='bbox 230 2013 371 2048; x_wconf 88' lang='lat' dir='ltr'>nescire</span> <span class='ocrx_word' id='word_1_391' title='bbox 389 2014 512 2047; x_wconf 76' lang='lat' dir='ltr'>vivere</span> <span class='ocrx_word' id='word_1_392' title='bbox 538 2014 615 2047; x_wconf 84' lang='lat' dir='ltr'>sine</span> <span class='ocrx_word' id='word_1_393' title='bbox 633 2012 806 2057; x_wconf 76' lang='lat' dir='ltr'>periculo.</span> <span class='ocrx_word' id='word_1_394' title='bbox 833 2011 933 2046; x_wconf 89' lang='lat' dir='ltr'>aliud</span> <span class='ocrx_word' id='word_1_395' title='bbox 959 2012 1035 2045; x_wconf 89' lang='lat' dir='ltr'>sine</span> <span class='ocrx_word' id='word_1_396' title='bbox 1054 2010 1209 2055; x_wconf 87' lang='lat' dir='ltr'>periculi</span> <span class='ocrx_word' id='word_1_397' title='bbox 1233 2014 1351 2045; x_wconf 88' lang='lat' dir='ltr'>metu:</span> <span class='ocrx_word' id='word_1_398' title='bbox 1378 2009 1447 2043; x_wconf 89' lang='lat' dir='ltr'>hoc</span> <span class='ocrx_word' id='word_1_399' title='bbox 1466 2019 1552 2042; x_wconf 89' lang='lat' dir='ltr'>sane</span> <span class='ocrx_word' id='word_1_400' title='bbox 1569 2008 1702 2049; x_wconf 87' lang='lat' dir='ltr'>miseri,</span> 
     </span>
     <span class='ocr_line' id='line_1_40' title="bbox 149 2057 1483 2104; baseline -0.002 -11"><span class='ocrx_word' id='word_1_401' title='bbox 149 2059 242 2094; x_wconf 87' lang='lat' dir='ltr'>illud</span> <span class='ocrx_word' id='word_1_402' title='bbox 266 2071 339 2094; x_wconf 89' lang='lat' dir='ltr'>non</span> <span class='ocrx_word' id='word_1_403' title='bbox 364 2064 441 2094; x_wconf 92' lang='lat' dir='ltr'>tam</span> <span class='ocrx_word' id='word_1_404' title='bbox 465 2060 599 2101; x_wconf 87' lang='lat' dir='ltr'>miseri,</span> <span class='ocrx_word' id='word_1_405' title='bbox 626 2071 735 2104; x_wconf 85' lang='lat' dir='ltr'>quam</span> <span class='ocrx_word' id='word_1_406' title='bbox 759 2060 944 2094; x_wconf 87' lang='lat' dir='ltr'>temerarii</span> <span class='ocrx_word' id='word_1_407' title='bbox 970 2062 1005 2093; x_wconf 89' lang='lat' dir='ltr'>et</span> <span class='ocrx_word' id='word_1_408' title='bbox 1031 2058 1208 2093; x_wconf 78' lang='lat' dir='ltr'>levissimi</span> <span class='ocrx_word' id='word_1_409' title='bbox 1233 2057 1389 2091; x_wconf 83' lang='lat' dir='ltr'>hominis</span> <span class='ocrx_word' id='word_1_410' title='bbox 1416 2058 1483 2091; x_wconf 86' lang='lat' dir='ltr'>est.</span> 
     </span>
    </p>
   </div>
   <div class='ocr_carea' id='block_1_5' title="bbox 147 2109 1703 2776">
    <p class='ocr_par' dir='ltr' id='par_1_7' title="bbox 147 2109 1703 2582">
     <span class='ocr_line' id='line_1_41' title="bbox 241 2109 1702 2153; baseline -0.003 -6"><span class='ocrx_word' id='word_1_411' title='bbox 241 2113 298 2147; x_wconf 91' lang='lat'>22.</span> <span class='ocrx_word' id='word_1_412' title='bbox 325 2112 468 2147; x_wconf 85' lang='lat' dir='ltr'>Duobis</span> <span class='ocrx_word' id='word_1_413' title='bbox 494 2113 585 2147; x_wconf 90' lang='lat' dir='ltr'>locis</span> <span class='ocrx_word' id='word_1_414' title='bbox 611 2111 748 2147; x_wconf 90' lang='lat' dir='ltr'>Seneca</span> <span class='ocrx_word' id='word_1_415' title='bbox 774 2112 821 2146; x_wconf 87' lang='lat' dir='ltr'>ad</span> <span class='ocrx_word' id='word_1_416' title='bbox 846 2112 942 2146; x_wconf 86' lang='lat' dir='ltr'>hunc</span> <span class='ocrx_word' id='word_1_417' title='bbox 967 2123 1113 2146; x_wconf 87' lang='lat' dir='ltr'>versum</span> <span class='ocrx_word' id='word_1_418' title='bbox 1140 2110 1302 2145; x_wconf 86' lang='lat' dir='ltr'>alludere</span> <span class='ocrx_word' id='word_1_419' title='bbox 1320 2109 1476 2149; x_wconf 76' lang='lat' dir='ltr'>videtur.</span> <span class='ocrx_word' id='word_1_420' title='bbox 1505 2109 1620 2143; x_wconf 89' lang='lat' dir='ltr'>altero</span> <span class='ocrx_word' id='word_1_421' title='bbox 1648 2120 1702 2153; x_wconf 86' lang='lat' dir='ltr'>ep.</span> 
     </span>
     <span class='ocr_line' id='line_1_42' title="bbox 148 2156 1702 2204; baseline -0.003 -11"><span class='ocrx_word' id='word_1_422' title='bbox 148 2158 224 2194; x_wconf 89' lang='grc' dir='ltr'>ΠΙ.</span> <span class='ocrx_word' id='word_1_423' title='bbox 251 2160 271 2195; x_wconf 94' lang='grc'><strong>2</strong></span> <span class='ocrx_word' id='word_1_424' title='bbox 297 2160 376 2204; x_wconf 64' lang='grc'>(23)</span> <span class='ocrx_word' id='word_1_425' title='bbox 403 2162 465 2195; x_wconf 83' lang='grc'>11;</span> <span class='ocrx_word' id='word_1_426' title='bbox 499 2159 719 2201; x_wconf 77' lang='lat' dir='ltr'>„Molestum</span> <span class='ocrx_word' id='word_1_427' title='bbox 745 2163 800 2194; x_wconf 87' lang='lat' dir='ltr'>est</span> <span class='ocrx_word' id='word_1_428' title='bbox 827 2170 971 2204; x_wconf 88' lang='lat' dir='ltr'>semper</span> <span class='ocrx_word' id='word_1_429' title='bbox 994 2159 1111 2193; x_wconf 78' lang='lat' dir='ltr'>vitam</span> <span class='ocrx_word' id='word_1_430' title='bbox 1135 2159 1320 2192; x_wconf 89' lang='lat' dir='ltr'>inchoare.</span> <span class='ocrx_word' id='word_1_431' title='bbox 1355 2160 1416 2191; x_wconf 90' lang='lat' dir='ltr'>aut</span> <span class='ocrx_word' id='word_1_432' title='bbox 1443 2157 1474 2191; x_wconf 90' lang='lat' dir='ltr'>si</span> <span class='ocrx_word' id='word_1_433' title='bbox 1498 2157 1567 2190; x_wconf 87' lang='lat' dir='ltr'>hoc</span> <span class='ocrx_word' id='word_1_434' title='bbox 1593 2156 1702 2190; x_wconf 90' lang='lat' dir='ltr'>modo</span> 
     </span>
     <span class='ocr_line' id='line_1_43' title="bbox 147 2204 1703 2252; baseline -0.003 -11"><span class='ocrx_word' id='word_1_435' title='bbox 147 2207 263 2252; x_wconf 81' lang='lat' dir='ltr'>magis</span> <span class='ocrx_word' id='word_1_436' title='bbox 290 2218 416 2241; x_wconf 87' lang='lat' dir='ltr'>sensus</span> <span class='ocrx_word' id='word_1_437' title='bbox 443 2211 566 2252; x_wconf 82' lang='lat' dir='ltr'>potest</span> <span class='ocrx_word' id='word_1_438' title='bbox 592 2207 764 2251; x_wconf 81' lang='lat' dir='ltr'>exprimi:</span> <span class='ocrx_word' id='word_1_439' title='bbox 797 2206 895 2241; x_wconf 79' lang='lat' dir='ltr'>Male</span> <span class='ocrx_word' id='word_1_440' title='bbox 914 2207 1052 2248; x_wconf 76' lang='lat' dir='ltr'>vivunt,</span> <span class='ocrx_word' id='word_1_441' title='bbox 1079 2206 1142 2250; x_wconf 85' lang='lat' dir='ltr'>qui</span> <span class='ocrx_word' id='word_1_442' title='bbox 1168 2216 1312 2249; x_wconf 90' lang='lat' dir='ltr'>semper</span> <span class='ocrx_word' id='word_1_443' title='bbox 1328 2205 1452 2238; x_wconf 75' lang='lat' dir='ltr'>vivere</span> <span class='ocrx_word' id='word_1_444' title='bbox 1478 2204 1658 2248; x_wconf 87' lang='lat' dir='ltr'>incipiunt</span> <span class='ocrx_word' id='word_1_445' title='bbox 1670 2208 1703 2245; x_wconf 85' lang='lat'>;“</span> 
     </span>
     <span class='ocr_line' id='line_1_44' title="bbox 149 2249 1703 2298; baseline -0.002 -11"><span class='ocrx_word' id='word_1_446' title='bbox 149 2253 265 2288; x_wconf 90' lang='lat' dir='ltr'>altero</span> <span class='ocrx_word' id='word_1_447' title='bbox 291 2254 336 2289; x_wconf 86' lang='lat' dir='ltr'>de</span> <span class='ocrx_word' id='word_1_448' title='bbox 354 2254 454 2290; x_wconf 81' lang='lat' dir='ltr'>brev.</span> <span class='ocrx_word' id='word_1_449' title='bbox 479 2255 544 2290; x_wconf 76' lang='lat' dir='ltr'>vit.</span> <span class='ocrx_word' id='word_1_450' title='bbox 569 2253 642 2289; x_wconf 93' lang='grc' dir='ltr'>ΠΙ.</span> <span class='ocrx_word' id='word_1_451' title='bbox 669 2255 710 2289; x_wconf 79' lang='lat'>4:</span> <span class='ocrx_word' id='word_1_452' title='bbox 741 2258 937 2297; x_wconf 84' lang='lat' dir='ltr'>„tanquam</span> <span class='ocrx_word' id='word_1_453' title='bbox 963 2264 1106 2298; x_wconf 84' lang='lat' dir='ltr'>semper</span> <span class='ocrx_word' id='word_1_454' title='bbox 1129 2253 1263 2287; x_wconf 76' lang='lat' dir='ltr'>victuri</span> <span class='ocrx_word' id='word_1_455' title='bbox 1280 2252 1402 2286; x_wconf 64' lang='lat' dir='ltr'>vivitis</span> <span class='ocrx_word' id='word_1_456' title='bbox 1429 2280 1437 2287; x_wconf 95' lang='lat'>.</span> <span class='ocrx_word' id='word_1_457' title='bbox 1457 2279 1463 2285; x_wconf 89' lang='lat'>.</span> <span class='ocrx_word' id='word_1_458' title='bbox 1480 2278 1486 2285; x_wconf 95' lang='lat'>.</span> <span class='ocrx_word' id='word_1_459' title='bbox 1503 2279 1510 2285; x_wconf 97' lang='lat'>.</span> <span class='ocrx_word' id='word_1_460' title='bbox 1526 2252 1558 2286; x_wconf 85' lang='lat'>5.</span> <span class='ocrx_word' id='word_1_461' title='bbox 1585 2249 1703 2293; x_wconf 75' lang='lat' dir='ltr'>Quam</span> 
     </span>
     <span class='ocr_line' id='line_1_45' title="bbox 150 2298 1703 2346; baseline -0.003 -11"><span class='ocrx_word' id='word_1_462' title='bbox 150 2312 270 2336; x_wconf 84' lang='lat' dir='ltr'>serum</span> <span class='ocrx_word' id='word_1_463' title='bbox 307 2306 362 2337; x_wconf 83' lang='lat' dir='ltr'>est</span> <span class='ocrx_word' id='word_1_464' title='bbox 395 2306 482 2337; x_wconf 82' lang='lat' dir='ltr'>tunc</span> <span class='ocrx_word' id='word_1_465' title='bbox 512 2302 636 2336; x_wconf 72' lang='lat' dir='ltr'>vivere</span> <span class='ocrx_word' id='word_1_466' title='bbox 668 2301 839 2346; x_wconf 78' lang='lat' dir='ltr'>incipere,</span> <span class='ocrx_word' id='word_1_467' title='bbox 873 2312 956 2335; x_wconf 89' lang='lat' dir='ltr'>cum</span> <span class='ocrx_word' id='word_1_468' title='bbox 989 2300 1229 2336; x_wconf 85' lang='lat' dir='ltr'>desinendum</span> <span class='ocrx_word' id='word_1_469' title='bbox 1255 2298 1335 2334; x_wconf 77' lang='lat' dir='ltr'>est?</span> <span class='ocrx_word' id='word_1_470' title='bbox 1362 2298 1462 2343; x_wconf 78' lang='lat' dir='ltr'>Quae</span> <span class='ocrx_word' id='word_1_471' title='bbox 1488 2302 1564 2332; x_wconf 87' lang='lat' dir='ltr'>tam</span> <span class='ocrx_word' id='word_1_472' title='bbox 1591 2298 1703 2331; x_wconf 88' lang='lat' dir='ltr'>stulta</span> 
     </span>
     <span class='ocr_line' id='line_1_46' title="bbox 149 2344 1702 2393; baseline -0.002 -12"><span class='ocrx_word' id='word_1_473' title='bbox 149 2349 386 2384; x_wconf 83' lang='lat' dir='ltr'>mortalitatis</span> <span class='ocrx_word' id='word_1_474' title='bbox 425 2349 561 2384; x_wconf 77' lang='lat' dir='ltr'>oblivio</span> <span class='ocrx_word' id='word_1_475' title='bbox 594 2349 632 2383; x_wconf 90' lang='lat' dir='ltr'>in</span> <span class='ocrx_word' id='word_1_476' title='bbox 670 2349 1008 2393; x_wconf 83' lang='lat' dir='ltr'>quinquagesimum</span> <span class='ocrx_word' id='word_1_477' title='bbox 1033 2351 1070 2382; x_wconf 82' lang='lat' dir='ltr'>et</span> <span class='ocrx_word' id='word_1_478' title='bbox 1103 2347 1370 2392; x_wconf 76' lang='lat' dir='ltr'>sexagesimum</span> <span class='ocrx_word' id='word_1_479' title='bbox 1394 2358 1528 2381; x_wconf 87' lang='lat' dir='ltr'>annum</span> <span class='ocrx_word' id='word_1_480' title='bbox 1554 2344 1702 2380; x_wconf 87' lang='lat' dir='ltr'>differre</span> 
     </span>
     <span class='ocr_line' id='line_1_47' title="bbox 157 2391 1702 2440; baseline -0.003 -10"><span class='ocrx_word' id='word_1_481' title='bbox 157 2407 244 2430; x_wconf 84' lang='lat' dir='ltr'>sana</span> <span class='ocrx_word' id='word_1_482' title='bbox 270 2397 422 2430; x_wconf 84' lang='lat' dir='ltr'>consilia</span> <span class='ocrx_word' id='word_1_483' title='bbox 447 2400 482 2431; x_wconf 89' lang='lat' dir='ltr'>et</span> <span class='ocrx_word' id='word_1_484' title='bbox 501 2397 586 2431; x_wconf 85' lang='lat' dir='ltr'>inde</span> <span class='ocrx_word' id='word_1_485' title='bbox 603 2396 698 2431; x_wconf 77' lang='lat' dir='ltr'>velle</span> <span class='ocrx_word' id='word_1_486' title='bbox 716 2397 830 2430; x_wconf 78' lang='lat' dir='ltr'>vitam</span> <span class='ocrx_word' id='word_1_487' title='bbox 854 2395 1036 2437; x_wconf 87' lang='lat' dir='ltr'>inchoare,</span> <span class='ocrx_word' id='word_1_488' title='bbox 1062 2406 1133 2440; x_wconf 92' lang='lat' dir='ltr'>quo</span> <span class='ocrx_word' id='word_1_489' title='bbox 1150 2395 1260 2439; x_wconf 91' lang='lat' dir='ltr'>pauci</span> <span class='ocrx_word' id='word_1_490' title='bbox 1276 2394 1525 2438; x_wconf 83' lang='lat' dir='ltr'>perduxerunt</span> <span class='ocrx_word' id='word_1_491' title='bbox 1535 2392 1572 2426; x_wconf 66' lang='lat'>5²⁶⁴</span> <span class='ocrx_word' id='word_1_492' title='bbox 1598 2391 1702 2426; x_wconf 89' lang='lat' dir='ltr'>Haec</span> 
     </span>
     <span class='ocr_line' id='line_1_48' title="bbox 148 2440 1702 2488; baseline -0.002 -12"><span class='ocrx_word' id='word_1_493' title='bbox 148 2442 302 2477; x_wconf 85' lang='lat' dir='ltr'>adnotat</span> <span class='ocrx_word' id='word_1_494' title='bbox 316 2442 506 2478; x_wconf 89' lang='lat' dir='ltr'>Erasmus:</span> <span class='ocrx_word' id='word_1_495' title='bbox 533 2442 714 2488; x_wconf 80' lang='lat' dir='ltr'>„Semper</span> <span class='ocrx_word' id='word_1_496' title='bbox 739 2443 837 2477; x_wconf 89' lang='lat' dir='ltr'>enim</span> <span class='ocrx_word' id='word_1_497' title='bbox 861 2446 1062 2488; x_wconf 87' lang='lat' dir='ltr'>prorogant</span> <span class='ocrx_word' id='word_1_498' title='bbox 1088 2443 1126 2476; x_wconf 88' lang='grc'>111</span> <span class='ocrx_word' id='word_1_499' title='bbox 1151 2442 1363 2482; x_wconf 74' lang='lat' dir='ltr'>crastinum,</span> <span class='ocrx_word' id='word_1_500' title='bbox 1391 2441 1422 2474; x_wconf 88' lang='lat' dir='ltr'>si</span> <span class='ocrx_word' id='word_1_501' title='bbox 1446 2440 1535 2484; x_wconf 75' lang='lat' dir='ltr'>quid</span> <span class='ocrx_word' id='word_1_502' title='bbox 1560 2444 1614 2474; x_wconf 86' lang='lat' dir='ltr'>est</span> <span class='ocrx_word' id='word_1_503' title='bbox 1640 2451 1702 2473; x_wconf 74' lang='lat' dir='ltr'>vo-</span> 
     </span>
     <span class='ocr_line' id='line_1_49' title="bbox 149 2487 1702 2534; baseline -0.003 -11"><span class='ocrx_word' id='word_1_504' title='bbox 149 2489 303 2534; x_wconf 87' lang='lat' dir='ltr'>luptatis</span> <span class='ocrx_word' id='word_1_505' title='bbox 328 2494 390 2525; x_wconf 81' lang='lat' dir='ltr'>aut</span> <span class='ocrx_word' id='word_1_506' title='bbox 414 2490 532 2525; x_wconf 89' lang='lat' dir='ltr'>bonae</span> <span class='ocrx_word' id='word_1_507' title='bbox 557 2491 645 2525; x_wconf 57' lang='grc' dir='ltr'>191.ίό</span> <span class='ocrx_word' id='word_1_508' title='bbox 671 2490 793 2525; x_wconf 84' lang='lat' dir='ltr'>Affert</span> <span class='ocrx_word' id='word_1_509' title='bbox 818 2489 1043 2524; x_wconf 88' lang='lat' dir='ltr'>Ribbeckius</span> <span class='ocrx_word' id='word_1_510' title='bbox 1071 2489 1262 2524; x_wconf 82' lang='lat' dir='ltr'>Menandr.</span> <span class='ocrx_word' id='word_1_511' title='bbox 1289 2491 1447 2523; x_wconf 84' lang='lat' dir='ltr'>monost.</span> <span class='ocrx_word' id='word_1_512' title='bbox 1475 2487 1555 2523; x_wconf 90' lang='grc'><strong>200.</strong></span> <span class='ocrx_word' id='word_1_513' title='bbox 1584 2487 1702 2529; x_wconf 73' lang='grc' dir='ltr'>ζῶμεν</span> 
     </span>
     <span class='ocr_line' id='line_1_50' title="bbox 152 2533 1594 2582; baseline -0.001 -13"><span class='ocrx_word' id='word_1_514' title='bbox 152 2535 345 2581; x_wconf 73' lang='grc' dir='ltr'><em>ἀλογίστως</em></span> <span class='ocrx_word' id='word_1_515' title='bbox 370 2537 647 2582; x_wconf 74' lang='grc' dir='ltr'><strong><em>προςδοκοῦντες</em></strong></span> <span class='ocrx_word' id='word_1_516' title='bbox 670 2538 717 2580; x_wconf 73' lang='grc' dir='ltr'>μὴ</span> <span class='ocrx_word' id='word_1_517' title='bbox 744 2537 888 2572; x_wconf 67' lang='grc' dir='ltr'>θανεῖν.</span> <span class='ocrx_word' id='word_1_518' title='bbox 926 2536 980 2571; x_wconf 87' lang='lat' dir='ltr'>Cf.</span> <span class='ocrx_word' id='word_1_519' title='bbox 1005 2536 1186 2572; x_wconf 83' lang='lat' dir='ltr'>Ribbeck.</span> <span class='ocrx_word' id='word_1_520' title='bbox 1213 2535 1349 2570; x_wconf 86' lang='lat' dir='ltr'>Coroll.</span> <span class='ocrx_word' id='word_1_521' title='bbox 1375 2547 1410 2580; x_wconf 89' lang='lat' dir='ltr'>p.</span> <span class='ocrx_word' id='word_1_522' title='bbox 1435 2533 1594 2570; x_wconf 82' lang='lat' dir='ltr'>XCVII.</span> 
     </span>
    </p>

    <p class='ocr_par' dir='ltr' id='par_1_8' title="bbox 149 2587 1701 2776">
     <span class='ocr_line' id='line_1_51' title="bbox 242 2587 1700 2635; baseline -0.003 -10"><span class='ocrx_word' id='word_1_523' title='bbox 242 2591 298 2626; x_wconf 89' lang='lat'>23.</span> <span class='ocrx_word' id='word_1_524' title='bbox 346 2590 528 2635; x_wconf 76' lang='lat' dir='ltr'>„Quidam</span> <span class='ocrx_word' id='word_1_525' title='bbox 565 2595 739 2625; x_wconf 86' lang='lat' dir='ltr'>excusant</span> <span class='ocrx_word' id='word_1_526' title='bbox 780 2591 983 2626; x_wconf 77' lang='lat' dir='ltr'>convicium</span> <span class='ocrx_word' id='word_1_527' title='bbox 1015 2590 1319 2634; x_wconf 87' lang='lat' dir='ltr'>interpretatione</span> <span class='ocrx_word' id='word_1_528' title='bbox 1352 2592 1459 2632; x_wconf 88' lang='lat' dir='ltr'>atque</span> <span class='ocrx_word' id='word_1_529' title='bbox 1496 2588 1549 2621; x_wconf 87' lang='lat' dir='ltr'>ita</span> <span class='ocrx_word' id='word_1_530' title='bbox 1585 2587 1700 2632; x_wconf 84' lang='lat' dir='ltr'>magis</span> 
     </span>
     <span class='ocr_line' id='line_1_52' title="bbox 149 2634 1700 2683; baseline -0.001 -12"><span class='ocrx_word' id='word_1_531' title='bbox 149 2637 331 2672; x_wconf 81' lang='lat' dir='ltr'>irritant.“</span> <span class='ocrx_word' id='word_1_532' title='bbox 368 2638 554 2672; x_wconf 85' lang='lat' dir='ltr'>Erasmus.</span> <span class='ocrx_word' id='word_1_533' title='bbox 581 2637 635 2674; x_wconf 88' lang='lat' dir='ltr'>Cf.</span> <span class='ocrx_word' id='word_1_534' title='bbox 664 2637 766 2673; x_wconf 84' lang='lat' dir='ltr'>Publ.</span> <span class='ocrx_word' id='word_1_535' title='bbox 800 2637 820 2671; x_wconf 88' lang='lat' dir='ltr'>I</span> <span class='ocrx_word' id='word_1_536' title='bbox 847 2637 891 2672; x_wconf 75' lang='lat'>23</span> <span class='ocrx_word' id='word_1_537' title='bbox 917 2638 1033 2683; x_wconf 89' lang='lat'>(252).</span> <span class='ocrx_word' id='word_1_538' title='bbox 1067 2636 1150 2673; x_wconf 87' lang='lat' dir='ltr'>Sen.</span> <span class='ocrx_word' id='word_1_539' title='bbox 1188 2636 1360 2671; x_wconf 82' lang='lat' dir='ltr'>controv.</span> <span class='ocrx_word' id='word_1_540' title='bbox 1395 2634 1445 2669; x_wconf 86' lang='grc' dir='ltr'>Π.</span> <span class='ocrx_word' id='word_1_541' title='bbox 1476 2636 1531 2670; x_wconf 88' lang='grc'>12.</span> <span class='ocrx_word' id='word_1_542' title='bbox 1557 2646 1592 2679; x_wconf 91' lang='lat' dir='ltr'>p.</span> <span class='ocrx_word' id='word_1_543' title='bbox 1622 2634 1700 2669; x_wconf 72' lang='lat'>174.</span> 
     </span>
     <span class='ocr_line' id='line_1_53' title="bbox 151 2680 1701 2729; baseline -0.003 -11"><span class='ocrx_word' id='word_1_544' title='bbox 151 2684 206 2719; x_wconf 87' lang='lat' dir='ltr'>ed.</span> <span class='ocrx_word' id='word_1_545' title='bbox 232 2684 314 2729; x_wconf 86' lang='lat' dir='ltr'>Bip.</span> <span class='ocrx_word' id='word_1_546' title='bbox 341 2685 433 2719; x_wconf 85' lang='lat' dir='ltr'>nihil</span> <span class='ocrx_word' id='word_1_547' title='bbox 459 2689 512 2720; x_wconf 85' lang='lat' dir='ltr'>est</span> <span class='ocrx_word' id='word_1_548' title='bbox 539 2689 661 2720; x_wconf 90' lang='lat' dir='ltr'>autem</span> <span class='ocrx_word' id='word_1_549' title='bbox 686 2684 879 2726; x_wconf 78' lang='lat' dir='ltr'>crudelius,</span> <span class='ocrx_word' id='word_1_550' title='bbox 907 2695 1014 2728; x_wconf 87' lang='lat' dir='ltr'>quam</span> <span class='ocrx_word' id='word_1_551' title='bbox 1034 2685 1086 2719; x_wconf 88' lang='lat' dir='ltr'>sic</span> <span class='ocrx_word' id='word_1_552' title='bbox 1104 2683 1300 2723; x_wconf 79' lang='lat' dir='ltr'>offendere,</span> <span class='ocrx_word' id='word_1_553' title='bbox 1327 2686 1367 2717; x_wconf 90' lang='lat' dir='ltr'>ut</span> <span class='ocrx_word' id='word_1_554' title='bbox 1386 2683 1503 2728; x_wconf 85' lang='lat' dir='ltr'>magis</span> <span class='ocrx_word' id='word_1_555' title='bbox 1522 2682 1570 2715; x_wconf 84' lang='lat' dir='ltr'>sis</span> <span class='ocrx_word' id='word_1_556' title='bbox 1589 2680 1701 2715; x_wconf 87' lang='lat' dir='ltr'>offen-</span> 
     </span>
     <span class='ocr_line' id='line_1_54' title="bbox 151 2728 1700 2776; baseline -0.001 -12"><span class='ocrx_word' id='word_1_557' title='bbox 151 2741 267 2773; x_wconf 83' lang='lat' dir='ltr'>surus,</span> <span class='ocrx_word' id='word_1_558' title='bbox 302 2733 333 2766; x_wconf 88' lang='lat' dir='ltr'>si</span> <span class='ocrx_word' id='word_1_559' title='bbox 366 2733 454 2767; x_wconf 89' lang='lat' dir='ltr'>satis</span> <span class='ocrx_word' id='word_1_560' title='bbox 488 2732 631 2768; x_wconf 85' lang='lat' dir='ltr'>feceris.</span> <span class='ocrx_word' id='word_1_561' title='bbox 673 2732 756 2768; x_wconf 91' lang='lat' dir='ltr'>Sen.</span> <span class='ocrx_word' id='word_1_562' title='bbox 791 2731 836 2766; x_wconf 89' lang='lat' dir='ltr'>de</span> <span class='ocrx_word' id='word_1_563' title='bbox 870 2735 985 2768; x_wconf 82' lang='lat' dir='ltr'>const.</span> <span class='ocrx_word' id='word_1_564' title='bbox 1018 2743 1094 2776; x_wconf 82' lang='lat' dir='ltr'>sap.</span> <span class='ocrx_word' id='word_1_565' title='bbox 1127 2729 1173 2766; x_wconf 89' lang='lat' dir='ltr'>X.</span> <span class='ocrx_word' id='word_1_566' title='bbox 1201 2731 1232 2767; x_wconf 88' lang='lat'>3.</span> <span class='ocrx_word' id='word_1_567' title='bbox 1259 2730 1383 2775; x_wconf 83' lang='lat' dir='ltr'>inopia</span> <span class='ocrx_word' id='word_1_568' title='bbox 1407 2740 1516 2764; x_wconf 78' lang='lat' dir='ltr'>verae</span> <span class='ocrx_word' id='word_1_569' title='bbox 1545 2728 1700 2762; x_wconf 86' lang='lat' dir='ltr'>iniuriae</span> 
     </span>
    </p>
   </div>
  </div>
 </body>
</html>
