1967 3090
734 119 1056 162 —169-

116 247 227 281 quem
253 238 288 271 et
313 236 428 278 vitae3
466 235 511 269 ad
543 246 649 278 quam
677 234 988 269 narratiunculam
1021 233 1111 268 haec
1137 233 1294 277 scriptor
1320 231 1472 266 subicit:
1499 231 1671 271 arbitror,

118 295 212 327 quae
248 284 300 317 ita
334 283 453 317 virum
492 282 690 326 quaerebat
729 282 925 321 absentem,
967 280 1012 314 de
1049 279 1210 314 secundo
1243 279 1474 313 matrimonio
1507 289 1579 312 non
1612 289 1671 312 co-

117 330 290 376 gitabat.“

214 378 268 412 22.
298 377 492 421 Improbus
511 388 593 411 cum
611 376 762 419 deliquit
777 374 981 418 puniendus
1007 376 1079 407 est:
1108 373 1171 407 sed
1198 373 1250 406 ita
1277 373 1363 407 licet
1392 373 1424 406 ei
1443 383 1605 416 parcere,
1632 374 1671 405 ut

118 424 236 469 probo
263 425 371 459 alicui
396 434 537 468 parcas
580 422 634 457 Cf.
661 421 767 457 Publ.
793 420 834 456 M
860 422 904 457 37
930 421 1044 465 (345).
1205 432 1208 435 ·

216 472 272 507 23.
299 471 370 505 Dio
398 471 526 514 Chrys.
562 472 652 503 orat.
686 468 788 502 Tars.
823 467 874 503 II.
902 480 936 512 p.
963 468 1032 502 427
1058 469 1163 511 (tom.
1189 465 1241 501 ΙΙ.
1269 478 1303 510 p.
1331 467 1385 501 57.
1413 467 1469 501 ed.
1496 466 1670 511 Reiskii):

118 517 160 551 τὸ
193 520 260 560 μὲν
286 518 353 563 γὰρ
381 515 592 561 ἇμιλλᾶσδαι
609 516 696 561 πρὸς
721 516 881 550 diffamas
908 514 1130 561 ἀνθρώπους
1151 512 1239 558 ὑπὲρ
1265 512 1485 555 δικαιοσύνης
1511 516 1567 545 καὶ
1592 512 1671 557 ἀρε-

118 565 179 607 τῆς
218 568 274 597 καὶ
313 564 429 609 φιλίας
462 567 519 596 καὶ
544 562 714 605 ὁμονοίας
746 565 803 595 καὶ
829 564 970 596 τούτοις
996 571 1170 606 περιεῖναι
1195 561 1271 593 τῶν
1297 558 1418 593 ἄλλων
1445 563 1501 592 καὶ
1528 569 1672 605 κρατεῖν

117 610 137 654 ἡ
166 610 332 654 καλλίστη
359 613 485 645 πασῶν
511 614 588 649 ’νίκη
615 613 672 642 καὶ
698 608 955 654 ἀσφαλεστάτη.
994 608 1186 643 Gruterus.

214 659 270 693 24.
298 658 468 693 Honores
505 658 583 691 viro
616 656 712 690 bono
739 656 840 690 laudi
865 659 960 697 sunt,
996 656 1093 699 quod
1119 656 1252 700 dignus
1278 654 1321 688 iis
1347 653 1518 688 habetur:
1556 655 1616 697 qui
1643 654 1673 687 si

119 705 216 739 malo
242 706 436 747 habentur,
464 704 637 738 infamiae
663 704 784 748 potius
811 707 931 745 notae,
971 714 1080 747 quam
1105 702 1250 736 virtutis
1276 704 1491 735 ornamenta
1517 701 1672 735 dicenda

117 756 214 788 sunt.
254 753 306 787 Cf.
335 752 440 788 Publ.
467 751 498 785 L
525 753 542 786 1
570 750 682 795 (291).

213 801 268 835 25.
296 799 351 834 De
376 800 446 834 hoc
470 810 578 833 versu
602 798 692 832 haec
719 797 936 842 Spengelius
963 798 1001 831 in
1020 796 1136 840 praef.
1162 808 1198 840 p.
1228 796 1303 830 13.:
1331 807 1385 836 „V.
1413 795 1492 830 226.
1520 798 1559 828 ut
1577 806 1673 828 nunc

120 858 164 881 ex
191 847 341 881 Gruteri
367 847 577 881 coniectura
603 845 759 889 legitur:
786 844 872 879 Heu
898 844 1121 879 conscientia
1146 843 1257 877 animi
1275 842 1397 886 gravis
1424 845 1479 876 est
1498 841 1672 875 servitus!

118 905 311 938 perperam
347 892 659 938 legitur-debebat
687 893 783 926 enim
816 903 894 926 esse
920 895 982 925 aut
1006 891 1094 925 heu
1119 902 1247 934 quam
1272 889 1426 933 gravis
1453 888 1566 933 (conf.
1596 889 1671 928 159,

114 941 196 980 202,
224 941 304 983 204,
331 941 410 981 208,
429 941 508 980 210,
538 940 623 981 211)
642 942 704 973 aut
729 939 812 973 heu
837 950 1025 983 gravem
1051 936 1346 972 servitutem!
1374 935 1493 970 Immo
1511 936 1562 969 ita
1581 935 1675 969 utin

117 987 243 1022 codice
268 991 413 1021 exstant
438 987 567 1021 verba:
594 986 698 1020 Haec
725 987 949 1020 conscientia
976 985 1088 1019 animi
1104 985 1251 1030 gravior
1268 987 1324 1018 est
1349 983 1526 1017 servitute
1544 993 1675 1026 prosae

118 1035 296 1068 orationis
323 1038 407 1069 sunt
432 1037 605 1069 contextu
634 1045 697 1067 suo
717 1034 892 1068 destituta
910 1036 947 1067 et
964 1033 1119 1077 abrupte
1144 1033 1182 1065 in
1200 1031 1296 1065 hunc
1314 1041 1483 1064 versuum
1509 1030 1674 1063 ordinem

119 1081 276 1116 delata.‘·'
314 1081 497 1125 Equidem
521 1092 648 1114 versus
674 1080 786 1114 verba
812 1081 973 1114 numeris
1000 1080 1178 1124 neglectis
1205 1090 1248 1112 ex
1273 1077 1515 1124 grammatica
1533 1077 1673 1110 ratione

117 1128 288 1162 ordinata
313 1130 373 1163 vel
398 1129 519 1173 potius
544 1127 693 1162 turbata
721 1139 799 1162 esse
825 1139 966 1162 censeo.
993 1127 1091 1161 Vide
1116 1125 1231 1170 praef.
1258 1137 1292 1169 p.
1320 1126 1375 1160 29.
1403 1124 1675 1158 Conscientiam

119 1175 231 1209 animi
264 1176 399 1209 malam
434 1175 641 1219 significare
677 1175 769 1209 solet
804 1174 986 1208 Publilius
1021 1174 1066 1209 cf.
1103 1173 1130 1207 C
1160 1174 1202 1208 16
1230 1172 1346 1217 (100).
1389 1171 1520 1215 Itaque
1547 1181 1674 1204 versus

120 1223 303 1257 sententia
336 1223 597 1257 maleficiorum
631 1222 889 1256 conscientiam
925 1222 1050 1265 iugum
1077 1221 1254 1254 servitute
1279 1219 1427 1263 gravius
1454 1230 1532 1252 esse
1558 1218 1675 1252 docet.

214 1270 270 1305 26.
297 1269 349 1304 Ut
373 1270 482 1304 homo
500 1269 608 1312 frugi,
635 1269 687 1302 ita
713 1268 812 1312 frugi
831 1280 909 1302 esse
927 1268 1020 1302 dixit
1037 1267 1218 1301 Publilius
1249 1266 1295 1300 cf.
1322 1267 1358 1300 A
1373 1266 1428 1300 52.
1454 1265 1676 1299 Flectere

121 1319 176 1350 est
209 1328 229 1350 a
255 1317 314 1350 via
347 1317 534 1361 proposita
568 1316 606 1350 in
641 1316 742 1349 aliud
775 1316 995 1349 curriculum
1030 1315 1210 1349 devocare
1242 1313 1288 1348 cf.
1315 1313 1389 1347 Cic.
1415 1312 1497 1347 Att.
1523 1311 1592 1346 XI.
1621 1312 1675 1346 18.

120 1363 232 1407 Verg.
268 1364 362 1398 Aen.
389 1363 479 1398 VII.
507 1364 586 1398 312.
621 1362 701 1396 Liv.
729 1362 785 1403 28,
822 1363 877 1397 22.
918 1361 1040 1405 Quint.
1077 1361 1144 1395 VI.
1179 1363 1210 1401 1,
1246 1361 1277 1395 9.
1316 1359 1386 1393 Vir
1417 1359 1528 1393 etiam
1561 1359 1676 1393 bonus

120 1421 228 1454 saepe
260 1422 382 1445 rerum
415 1410 755 1454 opportunitatibus
790 1410 1004 1453 impellitur,
1040 1412 1079 1442 ut
1106 1408 1153 1442 ab
1180 1419 1233 1448 eo,
1262 1407 1362 1451 quod
1388 1407 1459 1450 ipsi
1485 1410 1608 1440 mente
1635 1417 1676 1439 ac

120 1458 264 1491 ratione
302 1458 531 1502 propositum
569 1461 634 1493 est.
677 1457 832 1490 decedat
869 1460 904 1490 et
940 1468 1040 1490 secus
1076 1458 1162 1499 agat
1197 1466 1239 1489 ac
1276 1454 1400 1488 voluit.
1462 1453 1674 1487 Sententiae

120 1504 328 1549 exemplum
361 1505 467 1548 ponit
501 1504 626 1548 Quint.
657 1503 748 1537 XII.
785 1505 813 1543 1,
841 1504 896 1538 43.
930 1503 1035 1537 Certe
1060 1502 1250 1536 Fabricius
1278 1501 1490 1535 Cornelium
1523 1499 1675 1539 Rufum,

121 1552 280 1595 alioquin
315 1556 350 1585 et
390 1552 527 1585 malum
569 1551 683 1585 civem
718 1554 753 1584 et
797 1550 865 1584 sibi
891 1550 1088 1590 inimicum,
1124 1553 1247 1583 tamen
1273 1548 1357 1592 quia
1383 1548 1511 1581 utilem
1538 1546 1676 1581 sciebat

121 1599 260 1640 ducem,
293 1599 508 1632 imminente
539 1598 636 1632 bello
671 1597 793 1642 palam
827 1598 1015 1631 consulem
1050 1596 1223 1640 suffragio
1258 1607 1321 1629 suo
1357 1595 1462 1629 fecit:
1504 1598 1612 1637 atque
1640 1593 1677 1627 id

122 1646 341 1680 mirantibus
367 1645 583 1689 quibusdam
609 1645 799 1688 respondit
826 1656 846 1678 a
873 1645 951 1678 cive
978 1655 1015 1677 se
1042 1644 1194 1687 spoliari
1218 1643 1339 1683 malle,
1367 1653 1473 1685 quam
1500 1641 1546 1674 ab
1571 1641 1676 1674 hoste

119 1693 253 1728 venire.
272 1692 421 1727 Scilicet
428 1691 610 1732 Germani,
626 1703 699 1725 non
712 1703 783 1735 quo
798 1692 867 1735 ipsi
881 1691 1028 1725 furandi
1043 1691 1163 1724 studio
1177 1689 1382 1731 trahantur,
1397 1689 1460 1723 sed
1473 1688 1570 1732 quod
1585 1688 1666 1721 aliis

123 1751 230 1784 saepe
269 1740 414 1784 populis
451 1740 506 1773 sui
541 1738 772 1783 despoliandi
805 1739 949 1782 copiam
980 1738 1180 1778 faciebant,
1223 1737 1370 1771 dicunt:
1409 1734 1675 1779 „Gelegenheit

120 1787 245 1821 macht
269 1786 421 1821 Diebe.“
461 1786 516 1820 Cf.
543 1797 631 1830 grex
658 1798 689 1821 v.
718 1788 749 1821 3.
776 1787 808 1820 4.
835 1797 892 1830 ap.
919 1785 1037 1819 Plaut.
1064 1785 1168 1819 Asin.
1203 1795 1270 1818 nec
1297 1784 1486 1827 quisquam
1521 1785 1575 1816 est
1600 1785 1676 1815 tam

121 1834 268 1878 ingenio
302 1834 393 1867 duro
426 1845 494 1868 nec
527 1836 605 1867 tam
638 1833 743 1875 firmo
768 1836 936 1876 pectore,
972 1833 1059 1876 quin
1085 1832 1148 1865 ubi
1173 1832 1365 1875 quicquam
1392 1829 1592 1863 occasionis
1620 1829 1676 1867 sit.

123 1881 192 1915 sibi
218 1881 330 1915 facia't
355 1882 458 1916 bene.
508 1880 595 1915 Sall.
622 1880 702 1925 Iug.
730 1879 796 1913 VI.
824 1880 856 1914 3.
883 1880 1139 1923 opportunitas
1164 1900 1207 1903 —-
1226 1889 1317 1922 quae
1344 1877 1456 1912 etiam
1482 1876 1676 1910 mediocris

122 1927 219 1961 viros
246 1939 308 1972 spe
334 1928 491 1972 praedae
516 1931 744 1961 transvorsos
772 1926 858 1971 agit.

218 1975 273 2010 27.
302 1974 509 2009 Verborum
534 1975 622 2008 ordo
649 1974 717 2008 etsi
743 1985 784 2008 eo
803 1973 1051 2007 commendari
1068 1972 1223 2013 videtur,
1253 1971 1352 2015 quod
1367 1971 1565 2015 primariae
1584 1970 1676 2003 noti-

124 2021 204 2055 onis
229 2033 364 2055 nomen
399 2021 465 2055 sub
491 2022 642 2055 tertium
669 2021 803 2054 senarii
829 2021 943 2054 ictum
969 2019 1084 2054 cadit:
1121 2023 1245 2053 tamen
1271 2018 1451 2052 Publilius
1477 2016 1677 2061 particulas

122 2071 217 2103 tum
243 2070 394 2113 (tunc),
422 2080 441 2102 c
456 2080 525 2101 um
544 2068 635 2102 solet
655 2072 714 2101 aut
733 2068 833 2101 iuxta
850 2078 998 2110 ponere,
1017 2070 1057 2100 ut
1075 2065 1105 2099 F
1131 2067 1176 2100 24
1195 2066 1298 2110 [189]
1318 2068 1381 2099 aut
1397 2065 1548 2098 minimo
1566 2064 1677 2097 inter-

122 2115 220 2149 vallo
247 2116 450 2159 disponere,
477 2122 517 2149 ut
543 2114 568 2149 S
596 2116 632 2149 ’11
658 2115 770 2159 (594).
809 2113 913 2158 „Quo
932 2114 1037 2158 plura
1062 2116 1145 2147 sunt
1162 2113 1377 2156 promiscua,
1405 2111 1533 2155 quibus
1552 2111 1677 2151 utaris,

128 2173 169 2197 eo
196 2162 383 2196 difficilius
410 2167 475 2202 est,
504 2162 591 2205 quid
617 2173 741 2195 eorum
767 2173 878 2194 unum
905 2161 1066 2194 omnium
1092 2160 1270 2204 optimum
1295 2160 1352 2200 sit,
1380 2159 1524 2201 eligere.
1543 2161 1558 2177 “

220 2210 276 2245 28.
302 2209 359 2244 De
384 2209 565 2243 sententia
592 2208 749 2242 conferri
776 2208 875 2242 iubet
900 2207 1134 2241 Woelfflinus
1161 2206 1234 2242 Cic.
1263 2206 1323 2241 Or.
1351 2206 1406 2246 28,
1434 2204 1488 2240 98.
1517 2204 1678 2246 „medius

126 2255 188 2290 ille
221 2260 341 2291 autem
375 2258 533 2301 (orator)
569 2267 675 2299 quem
708 2255 892 2289 modicum
926 2258 961 2289 et
985 2257 1227 2298 temperatum
1262 2264 1351 2287 voco
1371 2273 1414 2277 —
1437 2273 1480 2277 —
1505 2263 1679 2295 magnum

123 2304 484 2395 {Zmffssgerieumm
514 2314 587 2337 non
622 2302 748 2338 adibit.
800 2302 889 2336 Alte
922 2302 1021 2336 enim
1054 2302 1185 2335 cadere
1210 2312 1285 2334 non
1310 2303 1468 2344 potest.“
1515 2298 1621 2333 Publ.
1648 2297 1679 2332 E

204 2392 239 2431 *I
267 2399 297 2431 1.
323 2398 439 2432 Recte
463 2396 556 2430 mihi
581 2408 727 2440 versum
753 2396 958 2440 reposuisse
985 2394 1162 2440 Scaliger,
1188 2395 1451 2438 interpretatus
1479 2404 1557 2427 esse
1585 2391 1678 2425 Gru-

124 2446 224 2477 terus
250 2444 404 2480 videtur.
454 2443 571 2478 Verbi
596 2444 774 2477 rescire
800 2443 874 2476 vim
899 2454 941 2476 ac
962 2445 1184 2486 potestatem
1210 2441 1352 2476 Gellius
1378 2440 1460 2474 NA.
1487 2439 1539 2473 Π.
1568 2440 1621 2480 19,
1647 2439 1679 2474 2.

127 2491 179 2524 ita
203 2491 381 2535 explicat:
409 2491 497 2534 „qui
522 2490 661 2524 factum
687 2490 834 2533 aliquod
861 2489 1036 2524 occultius
1055 2492 1117 2522 aut
1135 2489 1364 2532 inopinatum
1383 2488 1678 2531 insperatumque

126 2539 323 2582 cognoscit,
343 2539 372 2571 is
391 2538 525 2572 dicitur
542 2538 692 2582 proprie
710 2549 782 2571 res
795 2537 926 2570 cire.“
967 2536 1042 2570 Nec
1060 2547 1147 2570 vero
1166 2535 1265 2569 aliud
1282 2536 1321 2568 in
1338 2534 1459 2569 verbis
1478 2545 1559 2567 cum
1576 2543 1679 2577 prae-

125 2585 307 2628 positione
325 2585 536 2629 compositis
561 2585 656 2618 inest
682 2588 789 2627 atque
815 2585 851 2617 in
869 2583 938 2618 hoc
955 2584 1034 2627 ipso
1060 2583 1172 2617 verbo
1198 2582 1389 2617 rescire.
1435 2580 1678 2625 Quemadmo-

126 2630 212 2665 dum
227 2632 322 2665 enim
336 2632 416 2666 red
427 2632 531 2666 dere
546 2636 599 2665 est
614 2643 687 2665 non
703 2631 812 2664 modo
831 2642 877 2664 re
888 2633 956 2664 tro
971 2630 1146 2675 (wieder),
1164 2630 1227 2663 sed
1242 2630 1352 2663 etiam
1366 2639 1500 2672 porro
1518 2627 1678 2672 (weiter)

126 2678 223 2719 dare,
250 2679 350 2713 velut
375 2679 518 2713 litteras
544 2678 697 2712 reddere
724 2678 858 2712 dicitur
882 2677 1095 2711 tabellarius
1121 2676 1183 2721 (cf.
1211 2675 1313 2710 Caes.
1340 2675 1412 2710 BC.
1439 2674 1470 2708 1.
1497 2676 1527 2709 1.
1547 2673 1596 2708 II.
1616 2672 1678 2716 20)

126 2728 188 2759 aut
212 2725 367 2760 redire
393 2729 447 2760 est
475 2729 511 2759 et
536 2725 672 2759 reverti
697 2728 732 2758 et
766 2725 957 2768 pervenire
983 2724 1045 2768 (cf.
1073 2723 1173 2758 Caes.
1200 2722 1272 2757 BC.
1300 2722 1330 2758 Ι.
1356 2723 1389 2757 4.
1415 2721 1490 2756 111.
1517 2723 1573 2755 913.
1599 2719 1679 2754 Liv.
