1967 3090
205 252 207 254 “
249 247 336 285 tum
371 258 464 285 vero
497 257 569 298 pro
613 257 830 297 gemens
872 246 1086 298 patitur
1128 245 1400 300 reponendum
1443 247 1505 286 est
1547 246 1800 299 ingemit:

249 323 326 363 quo
360 310 538 363 reposito
574 310 641 350 hic
674 322 814 351 versus
848 310 1034 352 exsistit:

499 386 660 427 Avarus
693 386 899 435 damnum,
933 387 1002 428 ubi
1035 389 1113 429 non
1146 387 1337 436 lucretur,
1372 387 1558 440 ingemit.

250 463 303 503 l't
345 462 447 503 falso
494 462 767 504 substitutum
819 475 906 505 esse
954 464 1127 505 arbitror
1169 463 1287 505 Publ.
1332 463 1366 504 A
1412 466 1465 505 :3:23
1499 463 1690 505 melior
1732 476 1802 517 pro

249 527 448 575 ratior,
493 528 526 567 B
561 529 614 571 ‘29
649 528 740 581 (12)
784 529 1011 569 veniunt
1054 528 1117 570 vel
1161 529 1426 569 eveniunt
1468 541 1538 581 pro
1582 528 1800 578 cadunt,

248 592 281 631 Β
315 595 361 634 ἓί]
404 591 495 646 (14)
539 593 649 633 cito
692 594 928 634 moritur
969 606 1040 647 pro
1084 594 1191 634 cita
1233 606 1365 634 mors
1410 595 1512 642 est,
1553 594 1586 634 B
1620 592 1802 648 411ffi4)

247 656 451 697 fallere
484 670 555 710 pro
589 658 889 711 imponere,
925 658 959 698 D
984 657 1155 711 mles)
1188 659 1383 699 cuncta
1414 671 1485 710 pro
1509 657 1800 705 cumulum,

253 721 284 761 b*
320 724 344 765 §J
379 723 502 776 (174)
548 723 592 763 is
634 736 704 776 pro
753 736 865 776 pes,
906 724 945 763 H
991 726 1013 766 ’ἶ
1049 723 1174 778 (mm)
1223 735 1321 763 non
1369 723 1546 775 possit
1587 735 1658 776 pro
1702 735 1801 763 non

248 788 626 840 competierit,
652 789 668 828 I
690 790 743 831 62
762 788 1161 840 invectivaepro
1180 788 1421 835 insanae,
1446 787 1463 827 Ι
1484 788 1537 829 (Ξῖ)
1556 787 1802 828 nascitur

246 864 317 904 pro
340 853 510 902 venit,
534 853 577 893 M
605 857 650 895 1&
670 853 795 906 (3215)
816 854 1042 894 maximo
1065 852 1274 906 periclo
1297 865 1368 905 pro
1391 852 1617 893 maximo
1640 851 1798 901 malm

247 916 291 957 M
313 919 367 960 NJ
393 917 514 972 (3331)
538 931 629 959 sua
661 920 855 959 natura
887 932 957 971 pro
987 931 1077 959 sua
1110 931 1134 958 i
1147 930 1335 960 cnena
1372 917 1396 958 S
1422 916 1505 969 Q(
1503 917 1590 966 ›!J))
1624 916 1798 958 locum

244 994 317 1034 pio
348 981 606 1025 labor.e1n
642 983 677 1023 V
705 987 737 1026 J
738 983 839 1037 )(b
846 983 962 1038 mg
959 996 1066 1024 ·rax
1081 983 1123 1023 is
1156 982 1310 1035 oalea
1332 995 1403 1035 pro
1438 980 1797 1028 orichalcum

247 1045 326 1087 alia
359 1060 429 1099 pro
462 1046 569 1089 ῐ.11113

366 1111 453 1152 Nec
485 1125 579 1153 vero
613 1111 745 1153 solum
778 1113 818 1153 in
852 1113 985 1153 verbis
1028 1112 1284 1165 interpolatis
1328 1111 1527 1153 librorum
1570 1110 1799 1164 corruptela

246 1176 438 1226 cernitur,
474 1177 543 1218 sed
577 1177 702 1218 etiam
734 1178 775 1217 in
808 1178 1022 1218 verborum
1055 1177 1424 1218 constructionibus
1464 1176 1567 1217 falso
1609 1176 1796 1217 mutatis.

246 1241 370 1282 Cuius
416 1241 853 1294 depravationiscum
895 1242 1071 1295 plurima
1114 1241 1299 1295 exempla
1346 1242 1622 1289 inveniantur,
1671 1253 1799 1293 genus

243 1307 384 1358 paucis
426 1306 608 1347 docuisse
653 1307 752 1347 satis
786 1308 860 1347 est.
924 1307 1095 1360 Legitur
1137 1306 1243 1360 apud
1273 1306 1391 1347 Publ.
1425 1306 1461 1346 D
1496 1307 1549 1349 223
1584 1304 1706 1359 (165)
1740 1305 1799 1346 ita

244 1371 286 1411 in
318 1370 458 1412 libris:

496 1448 673 1489 Difficile
707 1450 769 1489 est
802 1447 930 1489 dolori
963 1448 1175 1489 convenire
1209 1461 1299 1488 cum
1332 1447 1534 1500 sapientia

244 1525 321 1566 quo
356 1513 398 1553 in
440 1526 558 1554 versu
601 1513 834 1566 legitimam
879 1512 1080 1553 diaeresin
1123 1513 1355 1566 neglectam
1398 1525 1516 1553 nemo
1558 1525 1637 1553 non
1678 1511 1795 1552 vidit.

244 1578 384 1631 Itaque
419 1578 591 1619 Bothius
624 1578 816 1619 audacius
851 1591 973 1631 quam
1005 1577 1163 1619 felicius
1195 1590 1356 1618 versum
1389 1578 1448 1618 ita
1481 1577 1675 1618 correxit:

477 1661 699 1702 Convenire
733 1661 825 1702 cum
861 1661 996 1702 dolore
1031 1660 1198 1701 difficile
1232 1662 1294 1701 est
1326 1660 1561 1714 sapientiae.

243 1732 322 1773 Sed
373 1732 453 1773 nisi
502 1732 620 1774 fallor
668 1733 882 1773 verborum
932 1732 1178 1773 constructio
1226 1743 1437 1785 perperam
1485 1731 1526 1771 in
1571 1729 1686 1771 libris
1736 1731 1796 1772 sic

241 1798 406 1838 muta-ta
439 1799 512 1847 est,
546 1799 591 1838 ut
613 1798 884 1838 scriberetur:
920 1796 1169 1838 difficile
1202 1798 1279 1837 est
1313 1821 1367 1826 -—
1401 1796 1692 1837 convenire
1724 1808 1795 1849 pro

244 1874 313 1910 eo,
363 1862 468 1915 quod
507 1862 725 1915 scripserat
762 1861 984 1903 Publilius:
1040 1861 1340 1902 difficilius
1394 1860 1658 1902 convenit:
1718 1873 1796 1914 qua

242 1926 422 1967 admissa
463 1927 744 1968 emendatione
787 1940 926 1968 versus
955 1926 1005 1968 ad
1039 1939 1130 1967 suos
1174 1938 1361 1967 numeros
1404 1926 1542 1966 veniat
1583 1925 1643 1966 ita
1686 1937 1796 1966 com-

241 1991 420 2044 positus:

515 2061 734 2103 Difficilius
766 2062 857 2103 cum
891 2062 1024 2103 dolore
1058 2062 1246 2103 convenit
1278 2061 1526 2115 sapientiae„

242 2132 390 2186 Neque
424 2145 545 2173 sanus
580 2134 641 2173 est
674 2134 790 2175 Publ.
825 2134 843 2174 I
877 2136 931 2177 :38
966 2135 1108 2185 (⁴288):

450 2215 619 2256 Inimico
653 2217 853 2258 exstincto
887 2218 1055 2258 exitium
1086 2216 1279 2258 lacrimae
1313 2218 1391 2257 non
1422 2213 1589 2257 habent.

365 2286 466 2327 Cum
507 2286 692 2339 plerique
725 2288 767 2327 in
799 2289 986 2329 vocabuli
1031 2289 1259 2329 exitium
1290 2288 1331 2327 vi
1365 2289 1405 2327 et
1436 2287 1642 2340 potestate
1685 2284 1793 2324 recte

241 2351 460 2392 haererent
481 2351 713 2404 significare
737 2352 845 2393 idem
868 2355 989 2406 atque
1015 2354 1216 2394 exitum
1238 2353 1448 2405 negantes,
1481 2351 1602 2391 verbo
1625 2348 1795 2390 verbum

241 2416 524 2457 mutaverzunt
549 2415 618 2457 sed
641 2417 864 2470 simplicior
888 2431 933 2459 ea
956 2418 1060 2459 ratio
1082 2417 1254 2466 videtur
1284 2418 1330 2457 ut
1353 2416 1555 2456 exitium
1579 2414 1795 2456 verborum

243 2481 542 2521 constructione
574 2483 733 2522 mutata
766 2484 954 2535 putemus
978 2483 1177 2535 scriptum
1200 2494 1288 2553 esse
1311 2494 1384 2533 pro
1406 2480 1606 2521 infinitivo
1639 2477 1791 2519 exire:

242 2557 319 2597 (1110
354 2544 462 2586 facto
496 2546 562 2586 hic
594 2559 733 2587 versus
768 2549 849 2588 est:

440 2616 606 2658 Inimico
649 2618 848 2659 exstincto
893 2619 1035 2660 exire
1077 2618 1269 2660 lacrimae
1312 2618 1391 2657 non
1433 2615 1597 2656 habent.

243 2686 442 2728 Similiter
486 2688 603 2728 Publ.
637 2689 683 2730 P.
722 2692 772 2731 lb*
805 2690 927 2743 (1467)
972 2690 1041 2742 qui
1071 2690 1131 2730 ita
1162 2689 1315 2742 legitur
1348 2686 1453 2741 apud
1484 2683 1791 2726 Woelfflinum:

455 2759 609 2808 Perdit⁷
642 2772 722 2801 non
755 2759 889 2808 donat,
925 2760 987 2801 cui
1020 2760 1142 2801 donat
1174 2760 1253 2800 nisi
1285 2759 1347 2800 est
1377 2769 1532 2798 memor
