1967 3090
776 140 1063 183 --19-

149 259 339 301 Alterum
373 259 547 300 oculis
579 258 834 300 intercidisse
867 258 1060 310 suspicor.
1110 257 1247 310 Magis
1271 257 1397 297 etiam
1428 256 1504 297 hoc
1527 268 1699 308 corrup-

145 324 251 366 telae
274 336 403 377 genus
434 324 633 365 illustrari
665 323 825 364 videtur
855 321 975 363 Publ.
1009 324 1060 364 15
1095 322 1220 376 (⁸244)
1259 321 1328 374 qui
1359 333 1501 362 versus
1525 321 1568 361 in
1602 332 1698 362 con-

147 389 454 430 clamatissimis
486 388 671 429 habetur.
734 387 843 428 Nam
874 387 933 427 ita
966 399 1057 427 cuin
1100 386 1338 427 exhibeatur
1371 386 1412 426 in
1444 386 1539 426 PR:

551 489 596 528 ln
626 487 794 528 miseria
827 487 912 527 vita
945 485 1191 527 contumelia
1224 487 1287 526 est

153 565 212 606 ita
243 565 286 606 in
316 565 372 606 B:

552 641 597 680 In
628 640 778 680 misera
810 639 895 680 vita
929 638 1178 680 contumelia
1211 640 1273 679 est

146 719 206 759 ita
237 719 278 758 in
311 718 366 758 F:

482 787 526 827 ln
558 787 708 827 misera
740 787 825 827 vita
859 786 985 826 etiam
1018 785 1262 827 contumelia
1297 787 1371 832 est,

147 874 320 916 editores
374 873 447 915 alii
485 873 606 915 aliter
644 886 737 915 eum
780 874 1054 926 reponendum
1097 874 1307 915 duxerunt.
1390 874 1496 915 Mihi
1538 874 1700 927 quidem

149 951 268 981 omne
290 939 436 980 vitium
468 939 509 980 in
542 938 735 980 vocabulo
768 940 886 980 vita
918 938 1047 980 latere
1079 939 1253 988 videtur,
1292 939 1405 980 iuxta
1438 939 1543 992 quod
1576 939 1699 981 collo-

147 1005 284 1045 catum
337 1003 511 1044 alterum
559 1003 707 1044 similis
765 1004 993 1056 scripturae
1046 1005 1200 1045 temere
1251 1005 1590 1057 praetermissum
1639 1005 1701 1045 est

145 1069 394 1117 inventa,
429 1069 487 1109 ita
519 1071 563 1109 ut
594 1081 734 1109 versus
768 1069 826 1109 sic
857 1068 1052 1122 legendus
1086 1070 1160 1110 sit:

440 1169 486 1210 In
517 1169 658 1210 miseri
690 1170 820 1210 vitam
852 1170 1016 1211 inventa
1048 1169 1293 1212 contumelia
1327 1172 1401 1212 est.

146 1251 233 1292 Nec
259 1252 395 1292 minus
418 1251 578 1304 insigne
609 1251 717 1292 aliud
747 1252 976 1305 exemplum
1009 1265 1055 1293 ex
1089 1252 1206 1294 Publ.
1236 1254 1281 1293 P.
1318 1256 1373 1295 :230
1403 1252 1527 1307 (479)
1546 1255 1699 1306 repeto.

146 1317 185 1357 Is
218 1317 327 1356 enim
359 1329 452 1356 cum
484 1317 524 1356 in
558 1316 589 1356 F
625 1318 666 1357 et
696 1318 880 1357 numeris
912 1317 1083 1358 mutilus
1117 1319 1157 1358 et
1188 1317 1322 1358 verbis
1355 1318 1529 1359 vitiosus
1560 1318 1621 1359 ita
1652 1331 1699 1359 ex

144 1381 358 1422 hibeatur:

354 1467 586 1508 Perdidisse
620 1501 628 1509 .
656 1500 664 1509 .
690 1500 699 1509 .
732 1468 901 1509 mallem
933 1482 1055 1522 quam
1086 1470 1270 1522 accipere
1303 1471 1490 1523 turpiter.

147 1549 407 1591 Woelfflinus
431 1550 591 1603 quidem
615 1552 655 1591 et
675 1550 865 1591 lacunam
886 1551 1038 1592 inserto
1061 1553 1154 1604 post
1174 1552 1483 1605 perdidisse
1507 1553 1697 1595 adverbio

147 1614 372 1655 honeste
407 1614 584 1667 explevit
607 1616 649 1655 et
680 1614 852 1667 perfecti
879 1615 1082 1657 infinitivo
1114 1629 1186 1669 pro
1218 1618 1445 1669 praesentis
1478 1618 1699 1660 substituto

146 1679 398 1732 accepisse
421 1679 550 1720 iustos
574 1680 806 1720 tetrametri
830 1680 1026 1721 trochaici
1043 1693 1232 1723 numeros
1251 1683 1578 1736 sententiamque
1595 1683 1703 1724 haud

146 1744 329 1797 ineptam
362 1743 461 1784 fecit
482 1757 557 1785 nec
585 1746 725 1785 tamen
748 1757 852 1793 eam,
886 1758 987 1798 quae
1010 1746 1059 1786 ab
1082 1747 1192 1787 omni
1224 1749 1341 1799 parte
1361 1747 1525 1800 probari
1556 1749 1700 1800 possit.

146 1809 233 1849 Nec
273 1809 382 1849 enim
424 1808 508 1849 ulla
548 1810 609 1849 rei
641 1808 859 1850 familiaris
902 1810 1085 1863 perditae
1117 1812 1276 1852 iactura
1308 1812 1535 1864 ignominia
1568 1816 1700 1862 vacat,

147 1874 232 1914 sive
275 1873 379 1926 quod
423 1886 494 1926 per
525 1873 727 1914 luxuriam
760 1874 924 1926 profusa
957 1876 1042 1916 sive
1075 1888 1220 1928 parum
1251 1876 1472 1929 prudenter
1506 1877 1702 1919 collocata

147 1939 218 1978 aut
250 1937 539 1979 administrata
572 1940 645 1979 est.
712 1938 790 1979 Sed
822 1939 982 1980 medela
1028 1953 1075 1981 ex
1106 1941 1194 1993 ipso
1226 1941 1349 1982 verbo
1383 1941 1700 1994 perdidisse

145 2002 307 2043 videtur
333 2002 520 2055 petenda,
555 2004 668 2044 cuius
701 2003 870 2057 syllabis
905 2005 1097 2046 extremis
1121 2006 1256 2055 verba,
1291 2019 1391 2059 quae
1410 2007 1699 2059 sequebantur,

146 2066 383 2109 oblitterata
416 2070 532 2109 sunt:
567 2067 627 2108 ad
660 2081 860 2117 assem,
904 2069 962 2110 ita
994 2072 1040 2110 ut
1070 2071 1174 2111 hanc
1207 2083 1348 2112 versus
1392 2071 1542 2112 faciem
1574 2071 1700 2113 fuisse

144 2133 309 2185 putem:

264 2232 495 2273 Perdidisse
537 2232 596 2273 ad
636 2233 809 2274 assem
848 2233 1017 2274 mallem
1050 2247 1172 2287 quam
1205 2236 1411 2289 accepisse
1447 2236 1622 2289 turpiter

145 2315 172 2357 i.
207 2328 240 2355 e.
274 2327 360 2356 rem
393 2315 442 2356 ad
476 2317 700 2356 extremam
732 2328 857 2369 usque
897 2317 1077 2369 inopiam
1111 2317 1331 2371 dissipasse
1364 2332 1489 2372 quam
1524 2320 1700 2372 turpiter

146 2378 291 2420 fecisse
348 2379 528 2420 mallem.
617 2380 772 2421 Deinde
831 2380 949 2421 Publ.
999 2381 1032 2432 Q
1081 2382 1135 2425 36
1186 2384 1309 2435 (2336)
1358 2384 1427 2436 qui
1477 2383 1520 2424 in
1566 2383 1597 2424 F
1641 2384 1700 2424 sic

146 2444 321 2496 scriptus
353 2443 529 2497 legitur:

428 2550 627 2604 Quicquid
658 2551 854 2604 improbis
891 2552 1063 2604 eripitur
1095 2552 1214 2594 datur
1247 2553 1382 2606 probis

147 2642 237 2670 cum
287 2633 328 2671 et
370 2633 551 2673 numeris
590 2635 631 2673 et
673 2633 878 2673 sententia
915 2632 1095 2683 laboret,
1147 2635 1242 2676 huic
1283 2636 1419 2676 versui
1464 2635 1535 2677 alii
1576 2635 1700 2677 aliam

146 2694 350 2736 medelam
393 2696 687 2738 adhibuerunt:
731 2710 853 2750 quam
897 2710 972 2750 ego
1017 2711 1063 2739 ex
1096 2712 1141 2740 eo
1173 2702 1280 2752 peto,
1319 2700 1424 2753 quod
1459 2700 1698 2742 vocabulum

147 2759 228 2800 vis
248 2762 428 2801 extrema
446 2762 559 2802 verbi
581 2762 861 2815 praecedentis
893 2763 1029 2816 impr
1044 2777 1065 2805 o
1082 2764 1104 2804 b
1117 2765 1132 2804 i
1145 2777 1162 2805 s
1185 2764 1344 2818 syllaba
1366 2766 1484 2818 quasi
1505 2766 1698 2807 haustum

1444 2835 1486 2857 1)ss
