1967 3090
788 102 989 145 —183
1059 123 1110 131 —

264 217 296 252 6.
323 215 488 251 Offendit
512 218 548 251 et
573 216 674 250 sine
705 215 885 256 damno,
911 227 981 259 quo
1007 215 1128 260 posito
1155 219 1373 260 anapaestus
1407 215 1468 250 ille
1494 215 1613 250 locum
1638 226 1720 260 pos-

167 263 273 304 sidet,
300 274 407 307 quem
431 274 513 298 raro
539 263 706 298 obtinere
733 273 843 307 supra
868 262 1023 297 diximus
1049 262 1096 297 cf.
1123 263 1170 297 ad
1194 262 1301 298 Publ.
1326 263 1357 297 B
1383 263 1428 298 29
1456 263 1535 307 (72)
1560 266 1596 297 et
1623 262 1720 307 quod

167 311 206 345 in
238 310 343 344 libris
376 314 431 344 est
465 310 677 346 alterius.
734 309 857 354 Quare
894 320 961 353 pro
996 309 1113 349 sine,
1156 309 1254 353 quod
1290 321 1358 354 pro
1393 310 1720 354 interpretamento

168 357 297 399 habeo,
335 358 644 402 praepositionem
681 357 854 400 absque
893 356 1063 390 substitui
1105 357 1203 400 apud
1237 357 1393 392 comicos
1434 357 1617 401 frequenti
1654 368 1722 391 usu

168 405 397 440 notissimam
429 404 475 439 cf.
508 404 654 449 Zumpt.
689 403 813 439 Gram.
845 403 909 439 lat.
935 403 968 449 ξ.
1003 404 1082 438 306.
1121 402 1312 449 Significat
1345 407 1465 438 autem
1491 405 1647 438 alterum
1675 403 1721 438 ab

167 453 287 486 altero
320 452 446 486 abesse
471 452 529 487 vel
554 454 736 486 remotum
760 462 847 491 esse,
884 450 1041 484 alterum
1066 449 1144 485 fieri
1170 453 1318 495 praeter
1343 451 1498 485 alterum
1523 451 1580 485 vel
1606 452 1720 486 altero

169 503 335 543 excepto.
375 498 430 533 Cf.
456 498 581 534 Hand.
606 497 759 533 Tursell.
786 498 824 531 in
849 509 882 532 v.
909 497 1077 540 absque
1105 497 1176 533 vol.
1194 497 1225 532 Ι.
1243 509 1279 541 p.
1306 498 1363 533 66.
1401 498 1594 532 Ruhnken.
1621 498 1719 534 Dict.

169 546 216 580 ad
240 545 320 581 Ter.
347 545 438 582 Hee.
464 545 532 581 IV.
560 546 592 587 2,
617 546 672 580 25.
704 557 740 588 p.
767 545 846 580 226.
881 544 926 579 ed
954 543 1134 589 Schopen.
1160 544 1431 579 Posterioribus
1458 545 1604 580 demum
1628 548 1718 580 tem—

168 593 318 637 poribus
337 593 511 636 absque
536 593 587 626 ita
604 592 772 636 usurpari
790 591 964 632 videmus,
992 594 1032 625 ut
1058 592 1155 626 idem
1172 592 1293 626 valeat
1310 603 1353 626 ac
1379 592 1479 626 sine
1505 592 1550 626 cf.
1571 592 1720 636 Grysar.

168 639 300 676 Theor.
327 640 361 674 (1.
387 641 450 675 lat.
476 639 563 674 Stils
590 651 624 683 p.
651 639 730 674 404.
770 638 848 673 Nec
880 650 922 673 ea
948 639 1065 673 solum
1092 639 1233 680 comici,
1273 639 1336 673 sed
1362 640 1475 674 etiam
1500 639 1628 674 Cicero
1654 639 1720 684 (cf.

167 687 215 721 ad
239 688 318 722 Att.
346 686 376 722 Ι.
405 688 477 732 19.)
503 690 540 721 et
567 685 819 730 Quintilianus
843 686 906 731 (cf.
925 685 1016 720 VII.
1043 687 1074 726 2,
1101 686 1177 732 44.)
1202 698 1285 720 usus
1312 690 1378 720 est.
1417 686 1513 720 Vide
1531 690 1722 731 praeterea

166 734 279 779 Apul.
296 734 385 769 Met.
406 733 475 768 IX.
490 734 546 769 25.
561 734 598 767 ni
617 736 786 778 respecto
804 734 987 768 communi
1004 734 1180 777 periculo,
1198 734 1260 768 vix
1274 745 1356 768 eum
1375 734 1420 767 ab
1433 734 1572 777 impetu
1585 734 1721 768 furioso

166 781 420 821 cohibuissem,
447 792 657 815 asseverans
682 781 784 815 brevi
811 780 983 824 absque
1008 792 1104 814 noxa
1127 781 1254 822 nost-,ri
1282 784 1410 834 suapte
1435 781 1621 815 inimicum
1647 782 1722 815 eius

168 830 343 863 violentia
381 828 565 872 sulphuris
608 828 820 872 periturum.
874 827 948 862 Pro
982 828 1185 862 alterius
1220 828 1364 872 reposui
1399 828 1559 862 alieno
1595 827 1640 864 cf.
1675 829 1721 863 ad

167 875 272 910 Publ.
296 875 328 909 B
355 876 375 910 7
401 875 491 920 (50).
530 875 562 909 E
588 876 609 910 4
637 875 753 920 (150).
790 875 879 909 Alia
895 875 993 909 enim
1010 875 1083 909 loci
1100 876 1194 909 ratio
1212 876 1368 917 videtur,
1396 876 1456 919 qui
1479 878 1599 910 exstat
1625 887 1671 920 ap
1673 876 1722 910 ud

167 922 250 958 Sen.
277 922 323 957 de
349 923 391 958 ir.
416 921 469 958 ΙΙ.
496 923 527 963 6,
548 924 580 957 2.
607 916 727 957 alter
718 934 756 956 111
774 922 923 956 alterius
942 922 1094 956 exitium
1119 922 1192 957 levi
1208 923 1427 967 compendio
1446 922 1600 964 ducitur,
1629 923 1722 957 nulli

167 971 235 1004 nisi
264 982 310 1005 ex
335 970 540 1004 alterius
566 970 699 1003 iniuria
724 972 895 1014 quaestus
922 972 995 1004 est:
1024 981 1094 1013 quo
1120 969 1201 1004 loco
1228 981 1302 1004 non
1319 970 1412 1004 alius
1430 970 1493 1004 alii
1511 971 1720 1014 opponitur,

165 1017 232 1051 sed
258 1017 352 1052 alter
377 1017 484 1051 alteri
509 1017 751 1061 componitur.
800 1016 904 1051 Haec
930 1027 1015 1050 vero
1041 1016 1193 1051 Publilii
1219 1018 1399 1052 sententia
1425 1029 1498 1051 non
1523 1017 1615 1051 illud
1632 1017 1719 1057 wilt,

167 1065 198 1099 si
230 1064 318 1108 quid
348 1065 445 1099 inter
479 1064 550 1098 duo
576 1064 689 1098 fuerit
720 1064 868 1108 negotii,
905 1064 1011 1098 alteri
1037 1063 1083 1098 ab
1109 1064 1227 1099 altero
1253 1065 1420 1099 fraudem
1446 1064 1534 1105 fieri,
1562 1064 1626 1099 sed
1651 1065 1720 1099 hoc

168 1112 198 1146 si
231 1112 310 1155 quis
344 1114 535 1155 quaestum
569 1111 715 1152 fecerit,
755 1123 837 1145 eum
870 1123 943 1145 non
974 1111 1096 1146 facere
1129 1112 1199 1145 nisi
1233 1111 1304 1145 alio
1338 1112 1497 1146 faciente
1538 1112 1719 1148 damnum.

166 1158 305 1193 Parum
322 1162 502 1201 accurate,
528 1162 569 1192 ut
587 1159 726 1203 opinor,
752 1158 926 1193 Erasmus
942 1171 948 1193 :
977 1158 1117 1199 „Unius
1135 1159 1277 1193 lucrum
1294 1159 1468 1193 damnum
1485 1162 1541 1193 est
1559 1159 1720 1194 alterius.

166 1206 220 1240 At
245 1217 319 1239 non
345 1206 433 1240 item
458 1206 495 1239 in
520 1206 628 1240 rebus
655 1206 803 1239 animi.‘⁴
842 1205 896 1240 Cf.
922 1205 1028 1239 Publ.
1055 1205 1086 1240 B
1113 1207 1132 1241 6
1160 1207 1251 1251 (49).

263 1253 294 1288 Τ.
328 1252 643 1297 „Intemperantia
660 1264 803 1297 semper
820 1253 979 1287 obnoxia
1004 1257 1059 1287 est
1085 1253 1292 1287 infamiae.“
1330 1253 1515 1288 Erasmus.
1536 1252 1591 1289 Cf.
1614 1252 1720 1289 Publ.

166 1299 192 1334 S
219 1300 263 1334 34
298 1300 406 1335 ‘6171

261 1307 305 1382 8}
321 1307 525 1388 „Irinooens
545 1347 614 1381 etsi
631 1358 705 1381 non
722 1350 869 1382 veretur
886 1347 994 1392 leges,
1022 1350 1062 1381 ut
1088 1359 1233 1388 nocens,
1261 1350 1384 1381 tamen
1401 1348 1506 1382 timet
1524 1348 1718 1389 fortunam,

166 1405 259 1438 quae
284 1404 544 1438 nonnunquam
570 1394 745 1438 opprimit
776 1395 1037 1430 innocentem.“
1073 1394 1258 1429 Erasmus.
1285 1394 1401 1429 Recte
1427 1396 1523 1429 enim
1549 1394 1720 1439 Quintili-

165 1452 256 1475 anus
291 1440 342 1477 H.
379 1442 433 1483 17,
467 1442 529 1477 28:
574 1440 767 1485 „Imperiti
794 1442 900 1483 enim,
934 1442 1060 1486 inquit,
1095 1442 1260 1476 iudicant
1292 1445 1328 1477 et
1360 1442 1421 1486 qui
1447 1442 1658 1486 frequenter
1683 1443 1721 1476 in

166 1488 235 1523 hoc
260 1488 381 1533 ipsum
406 1488 559 1523 fallendi
585 1492 679 1529 sunt,
714 1500 759 1523 ne
784 1492 918 1525 errent.
969 1488 1063 1523 Nam
1089 1489 1120 1523 si
1144 1489 1233 1523 mihi
1260 1490 1443 1534 sapientes
1469 1490 1607 1524 iudices
1634 1490 1720 1525 den-

165 1538 236 1577 tur,
264 1536 468 1582 sapientum
493 1536 686 1570 conciones
713 1539 820 1579 atque
847 1547 953 1570 omne
979 1536 1175 1570 concilium
1200 1536 1293 1570 nihil
1316 1536 1452 1571 invidia
1469 1537 1600 1577 valeat,
1627 1537 1720 1571 nihil

164 1583 298 1628 gratia,
333 1582 424 1617 nihil
449 1583 572 1627 opinio
607 1586 817 1627 praesumta
842 1583 995 1628 falsique
1021 1586 1149 1619 testes:
1188 1595 1365 1628 perquam
1390 1584 1542 1629 exiguus
1575 1585 1623 1618 sit
1649 1585 1722 1620 elo-

166 1630 337 1674 quentiae
363 1631 463 1665 locus
490 1633 527 1664 et
551 1641 667 1675 prope
691 1631 732 1664 in
757 1630 835 1665 sola
861 1630 1106 1665 delectatione
1132 1635 1301 1675 ponatur.
1351 1630 1416 1665 Sin
1443 1635 1478 1666 et
1496 1631 1722 1666 audientium

166 1677 320 1712 mobiles
347 1678 460 1712 animi
485 1681 522 1711 et
545 1680 604 1711 tot
628 1678 734 1711 malis
765 1677 924 1712 obnoxia
948 1678 1100 1713 veritas:
1139 1682 1217 1712 arte
1252 1678 1490 1724 pugnandum
1516 1683 1571 1713 est
1597 1682 1633 1714 et
1658 1680 1719 1714 ad-

168 1724 339 1766 hibenda,
372 1736 464 1769 quae
496 1728 674 1769 prosunv‘
701 1725 784 1759 coll.
812 1724 959 1765 VIL4,
990 1726 1044 1761 15.
1071 1725 1263 1760 fortuna
1289 1737 1430 1769 quoque
1456 1737 1563 1770 saepe
1589 1727 1720 1761 substi-

167 1772 285 1806 tuitur
319 1772 494 1817 culpae.
544 1771 627 1807 Sen.
663 1771 708 1806 de
734 1773 837 1807 clem.
873 1771 904 1806 Ι.
931 1774 963 1814 2,
992 1774 1021 1806 ’1.
1063 1772 1218 1814 ,deiude
1243 1773 1355 1807 habet
1380 1772 1470 1807 haec
1496 1773 1722 1819 (clementia)

164 1819 205 1853 111
230 1830 386 1873 persona
412 1831 553 1863 quoque
578 1820 826 1854 innocentium
843 1799 974 1861 locuni,
1002 1820 1087 1863 quia
1104 1820 1252 1854 interim
1276 1820 1470 1854 fortuna
1495 1832 1563 1864 pro
1582 1821 1720 1866 culpa

167 1869 223 1900 est
239 1877 306 1902 nec
322 1867 554 1901 innocentiae
579 1870 723 1900 tantum
740 1867 935 1901 clementia
953 1867 1142 1907 succurrit,
1170 1867 1233 1902 sed
1251 1878 1359 1912 saepe
1384 1868 1522 1908 virtuti,
1551 1869 1722 1925 quoniam

164 1913 315 1958 quidem
349 1914 563 1949 condicione
596 1918 806 1958 temporum
838 1914 1003 1949 incidunt
1036 1893 1223 1958 quaedam,
1263 1925 1356 1959 quae
1390 1915 1532 1959 possint
1565 1916 1722 1959 puniri.

169 1960 268 2005 Quos
293 1961 406 2005 igitur
430 1960 598 1996 fortunae
624 1973 728 1996 casus
754 1961 866 1995 etiam
892 1961 937 1995 ab
964 1962 1159 1997 innocente
1183 1962 1306 1997 timeri
1323 1963 1433 2006 poeta
1459 1962 1649 2007 significet,
1677 1974 1722 1997 ex

166 2007 221 2049 iis,
248 2019 337 2052 quos
370 2008 589 2052 Quintiliani
626 2012 663 2042 et
694 2008 853 2043 Senecae
886 2009 1004 2049 attuli,
1039 2009 1128 2043 locis
1163 2010 1335 2053 cognosci
1373 2009 1552 2045 existimo.
1595 2009 1722 2054 Longe

168 2055 277 2089 aliter
294 2055 339 2090 de
357 2055 537 2090 sententia
556 2055 694 2090 iudicat
710 2055 952 2091 Ribbeckius:
978 2055 1093 2090 Plane
1111 2056 1341 2097 contrariam,
1356 2056 1484 2100 inquit,
1503 2058 1722 2091 sententiam

164 2101 329 2148 „Legem
354 2103 527 2137 innocens
553 2106 709 2145 veretur,
735 2103 920 2137 fortunam
944 2108 1103 2137 11008113Η
1128 2103 1371 2147 probaverim.

263 2151 295 2185 9.
321 2149 445 2184 Homo
470 2150 560 2184 levis
585 2153 733 2190 temere,
761 2161 835 2184 non
861 2150 969 2184 certis
995 2151 1197 2185 rationibus
1222 2150 1370 2185 iudicat.

265 2198 319 2232 10.
346 2196 524 2231 Cinctis
550 2198 573 2231 i.
593 2208 622 2232 e.
648 2197 855 2231 hominibus
881 2197 1071 2231 industriis
1088 2208 1130 2231 ac
1157 2198 1312 2232 strenuis
1337 2198 1396 2232 hic
1414 2209 1488 2232 non
1505 2209 1583 2232 esse
1600 2198 1722 2232 locum

166 2243 359 2278 adnotavit·
384 2243 555 2280 Orellius.
595 2243 681 2278 Sub
708 2245 841 2278 vultu
866 2244 888 2280 i.
908 2256 937 2280 e.
956 2245 1098 2278 etiamsi
1116 2245 1220 2279 vultu
1246 2245 1292 2278 ad
1309 2245 1499 2279 tristitiam
1515 2245 1721 2290 composito

168 2291 260 2325 nihil
286 2292 357 2325 nisi
383 2291 642 2326 abstinentiam
667 2302 879 2335 morumque
905 2293 1141 2336 asperitatem
1166 2292 1347 2327 simulent.
1387 2291 1443 2326 Of.
1469 2291 1579 2328 Prov.
1606 2294 1662 2328 23.

266 2339 320 2374 11.
346 2337 556 2373 Perfectum
581 2338 829 2382 flagitavit
854 2339 1002 2383 reposui
1027 2342 1264 2384 praeceptum
1288 2339 1379 2373 illud
1399 2343 1553 2382 secutus,
1581 2340 1611 2374 si
1628 2340 1722 2374 duae

168 2385 331 2420 actiones
365 2386 416 2419 ita
451 2387 726 2431 coniungantur,
762 2389 803 2419 ut
828 2385 954 2427 altera,
988 2386 1200 2430 priusquam
1225 2388 1341 2421 altera
1366 2386 1533 2431 perfecta
1557 2387 1616 2429 sit,
1642 2386 1723 2422 fieri

169 2432 287 2467 solere
321 2432 465 2467 dicatur
502 2436 667 2477 tempora
699 2433 895 2467 verborum
928 2433 980 2467 ita
1011 2434 1194 2478 consequi,
1228 2438 1269 2468 ut
1295 2434 1412 2468 altera
1437 2434 1583 2478 quidem
1608 2445 1721 2478 eaque

167 2480 270 2524 prior
295 2479 389 2514 actio
419 2480 652 2524 perfecto,
680 2480 796 2514 altera
813 2481 994 2524 posterior
1019 2481 1205 2525 praesenti
1229 2485 1395 2526 tempore
1421 2480 1623 2515 definiatur.
1666 2481 1721 2516 Cf.

167 2526 276 2562 Publ.
293 2526 327 2561 D
344 2528 386 2562 19
403 2527 519 2572 (141).
546 2527 575 2561 F
595 2528 614 2562 6
632 2528 744 2572 (171).
763 2526 793 2561 F
813 2527 855 2562 16
874 2529 987 2572 (161).
1018 2527 1036 2562 I
1050 2529 1095 2563 43
1109 2529 1222 2574 (273).
1248 2528 1288 2563 M
1306 2529 1348 2563 10
1367 2528 1479 2574 (316).
1500 2527 1533 2572 Q
1547 2529 1592 2563 14
1606 2529 1720 2573 (514).

169 2572 202 2616 Q,
216 2574 260 2608 20
274 2574 386 2619 (520).
407 2574 432 2608 S
451 2575 496 2610 26
513 2574 626 2615 4609)
665 2574 722 2608 Ex
748 2574 827 2608 aliis
855 2575 1094 2619 scriptoribus
1113 2576 1202 2610 haec
1220 2575 1390 2620 exempla
1408 2575 1602 2667 addamuslj
1636 2575 1720 2611 Sen.

170 2615 341 2656 Controv.
368 2620 441 2656 ΠΙ.
469 2616 634 2666 praef.p
639 2622 753 2657 .’196.
780 2621 837 2656 8(1.
862 2621 945 2665 Bip.
971 2621 1144 2667 Excerpt.
1173 2622 1346 2657 Controv.
1373 2622 1483 2656 V.IH
1519 2623 1551 2658 4.
1579 2635 1613 2667 p.
1640 2622 1719 2657 466.

168 2667 225 2703 8(1.
252 2667 334 2712 Bip.
362 2668 444 2703 Sen.
480 2673 553 2704 nat.
588 2672 727 2713 quaest.
755 2668 823 2704 VI.
862 2669 917 2709 29.
946 2670 977 2705 2.
1005 2680 1061 2714 ep.
1100 2669 1131 2704 Ι.
1160 2670 1212 2710 12,
1255 2672 1285 2706 1.
1322 2670 1405 2705 coll.
1437 2668 1502 2705 Ov.
1537 2669 1624 2704 Met.
1653 2668 1720 2703 VI.

171 2714 249 2750 180.
277 2714 361 2750 Sen.
394 2727 448 2760 ep.
476 2716 522 2752 X.
557 2716 577 2750 2
604 2716 694 2761 (76).
727 2715 834 2750 XIV.
868 2717 888 2751 3
914 2717 993 2761 (91)
1028 2717 1059 2752 4.
1088 2717 1134 2751 ad
1160 2716 1266 2752 Helv.
1295 2717 1340 2751 de
1374 2717 1509 2751 consol.
1537 2715 1582 2752 V.
1616 2717 1647 2752 3.
1675 2716 1721 2751 (18
