1967 3090
380 233 412 264 p.
441 222 496 255 34.
525 220 622 255 Mon.
652 221 834 257 XLVIII.
862 224 892 256 ἓ).

379 267 482 301 Idem
510 269 715 312 praecepit:
744 269 788 302 In
815 282 921 313 quem
950 271 1030 314 plus
1059 274 1160 314 potes
1188 282 1347 314 peccare.
1377 272 1514 306 desine.

377 327 410 358 p.
439 317 495 349 38.
524 314 606 349 Par.
645 318 698 351 16.
735 316 802 355 ‚.V.
830 317 872 351 B.
910 329 962 361 sp.
991 318 1024 352 h.
1054 322 1084 352 3.
1123 318 1175 351 tt».
1212 322 1245 352 et
1274 330 1325 362 sp.
1354 319 1387 352 d.
1416 321 1446 353 5.
1481 320 1529 354 1¹5.
1560 319 1678 355 Plato.
1714 320 1770 355 W.
1798 322 1840 357 B.

283 360 390 395 Plato
418 362 638 405 praevalere.
666 374 818 406 peccare
846 365 1004 399 desine.··
1033 364 1114 398 Wo.
1143 364 1195 400 Cf.
1223 364 1329 399 Publ.
1357 365 1376 400 I
1402 367 1446 401 43
1474 367 1586 411 (277).

375 411 431 443 w.
458 409 503 442 In
529 413 592 442 tuo
620 421 727 453 qnam
755 411 791 444 in
818 412 936 445 alieno
964 411 1090 445 labore
1118 413 1295 446 sarcinam
1324 413 1476 457 suscipe.

375 468 407 499 p.
437 457 493 491 41.
521 456 603 491 Par.
623 458 678 492 Μ.
700 457 969 494 ..W.B.Socr.··
988 459 1071 493 Wo.
1085 459 1214 493 Omisit
1230 458 1371 503 Haupt.
1388 459 1482 496 Phil.
1503 460 1574 496 III.
1595 474 1628 506 p.
1649 462 1839 499 377.v.29.

376 503 430 537 90.
458 503 639 545 Magnum
662 505 813 539 iniuriae
842 507 1042 540 remedium
1069 510 1122 540 est
1151 506 1300 542 oblivio.

373 563 406 593 p.
434 551 490 585 34.
518 550 614 585 Mon.
642 551 828 587 XLVIII.
855 554 886 588 S.
926 554 1001 587 Aut
1030 566 1236 595 magnum
1265 553 1445 598 glossema
1472 558 1524 589 est
1554 559 1616 589 aut·
1634 568 1760 591 versus
1779 556 1839 592 hic

281 596 368 631 fuit:
398 598 551 632 iniuriae
578 599 777 632 remedium
804 604 856 633 est
885 612 1057 645 magnum
1085 601 1232 636 oblivio.
1260 601 1314 636 Of.
1342 601 1448 637 Publ.
1476 601 1495 636 I
1521 604 1563 636 21
1591 603 1706 647 (250).

372 645 429 678 91.
456 644 620 679 Iniustae
648 646 870 680 defensionis
897 648 1156 681 confidentiam
1185 648 1270 683 vita.

371 703 405 735 p.
432 692 489 726 42.
516 691 600 728 Par.
629 693 683 728 ΤΗ.
712 693 793 729 ..w
821 694 861 729 Β.
890 693 1013 728 Sem-‚⁶⁴
1041 694 1124 730 Wo.
1152 694 1291 739 Haupt.
1319 695 1415 731 Phil.
1442 695 1515 730 ΙΙΙ.
1552 708 1585 740 p.
1614 698 1692 733 378.
1721 709 1753 733 V.
1780 698 1835 734 42.

371 742 426 774 92.
455 738 587 783 Turpis
615 744 668 774 est
696 740 829 784 inopia.
858 753 949 785 quae
979 753 1022 775 ex
1050 743 1155 786 copia
1187 743 1362 777 nascitur.

370 798 403 829 p.
424 786 479 821 41.
498 786 581 821 Par.
603 787 656 821 44.
678 787 767 823 Cod.
788 787 1017 823 Turicensis:
1042 790 1137 823 mala
1153 793 1205 823 est
1226 790 1346 834 inopia
1366 802 1458 834 quae
1477 791 1638 825 nascitur
1657 802 1701 824 ex
1719 792 1836 836 copia.

276 832 332 867 Cf.
372 832 472 868 Sent.
512 834 603 867 falso
643 834 739 868 inter
772 834 877 871 Publ.
914 840 1050 880 recept.
1088 836 1165 872 155.
1202 836 1307 881 (lasp.
1343 838 1455 872 Orell.
1491 838 1597 874 codd.
1640 838 1740 872 Basil
1790 843 1835 873 et.

276 879 359 914 Tur.
389 884 479 915 sent.
508 893 541 924 p.
570 882 624 916 54.
652 893 685 915 v,
716 883 768 917 12.
797 882 931 926 Meyer.
959 883 1043 918 Aet.
1070 883 1214 917 Monac.
1246 885 1344 920 1512.
1372 884 1592 929 1x=⁷.1).:²›.’1›4.
1620 885 1737 919 Nemo
1763 897 1836 920 non

273 927 371 961 videt
404 928 563 971 inopiam
583 929 761 972 copiae.
782 941 855 963 non
872 930 949 973 glo
960 931 1055 964 riae
1080 930 1155 975 [W.
1175 931 1216 966 B.
1234 930 1352 968 Socr.)
1378 936 1438 965 aut
1466 932 1602 976 gulae
1630 932 1832 977 (XVoefflin.

274 985 318 1007 ex
337 974 416 1010 cod.
443 974 527 1010 Par.
554 976 658 1011 NJQT,
686 975 780 1011 Phil.
808 976 921 1013 XIII.
948 989 982 1021 p.
1012 978 1108 1021 164.)
1134 979 1392 1022 opponendam
1419 991 1506 1015 esse.
1527 983 1565 1013 ut
1591 991 1665 1013 non
1691 992 1836 1014 omnem

272 1021 434 1065 inopiam
460 1026 603 1066 turpem
631 1034 710 1057 esse
737 1024 964 1064 ostendatur,
1010 1025 1073 1058 sed
1099 1036 1190 1066 eam,
1218 1037 1310 1068 quae
1338 1038 1358 1059 a
1384 1027 1489 1070 copia
1519 1027 1673 1072 prodige
1700 1038 1742 1062 ac
1770 1039 1835 1071 per

273 1068 453 1102 luxuriam
481 1069 670 1113 deperdita
698 1070 962 1114 proficiscatur.
1015 1071 1194 1106 Venire
1237 1073 1333 1106 enim
1360 1077 1412 1107 est
1440 1074 1539 1107 nasci
1565 1074 1624 1108 vel
1652 1075 1749 1112 oriri.
1795 1077 1833 1108 ut

273 1116 323 1148 ait
351 1115 474 1159 Quint.
494 1116 545 1152 II.
574 1117 604 1151 5.
636 1118 688 1153 12.
715 1121 754 1151 ut
782 1119 1015 1161 pulchritudo
1043 1120 1207 1162 corporis
1234 1120 1359 1154 venire
1384 1120 1553 1154 videatur
1571 1132 1614 1154 ex
1632 1122 1737 1155 malis
1756 1133 1832 1155 mo-

273 1162 383 1198 ribus.
411 1163 466 1198 Cf.
493 1163 607 1209 Verg.
636 1165 728 1198 Aen.
763 1165 803 1198 V.
832 1166 911 1201 344.
938 1166 1079 1209 gratior
1105 1169 1138 1199 ct
1167 1166 1320 1210 pulchro
1347 1168 1494 1201 veniens
1520 1168 1557 1201 in
1583 1179 1734 1212 corpore
1761 1169 1832 1202 vir-

272 1214 330 1243 tus
364 1211 446 1246 coll.
475 1212 553 1246 ὂῖἓὶ.
581 1211 763 1255 Bebrycia
790 1213 938 1247 veniens
965 1213 1099 1256 Amyci
1125 1213 1169 1247 de
1196 1218 1317 1258 gente.

365 1259 420 1293 93.
463 1258 577 1292 Idem.
621 1259 794 1294 Felicitas
822 1260 986 1294 subiecta
1013 1263 1069 1294 est
1096 1271 1241 1304 semper
1265 1261 1436 1296 invidiae.

364 1317 398 1348 p.
426 1306 481 1340 22.
508 1305 606 1339 Mon.
634 1306 680 1340 X.
716 1307 747 1340 4.
793 1307 874 1349 ‚.W.
901 1307 943 1343 Β.
971 1335 978 1342 .
1008 1335 1014 1340 .
1042 1336 1049 1342 .
1082 1311 1218 1351 quanta
1252 1308 1350 1342 enim
1392 1308 1601 1342 felicium
1643 1309 1831 1343 hominum

267 1355 351 1385 sunt
379 1353 522 1396 gaudia.
549 1354 640 1387 tanti
670 1354 878 1387 invidorum
903 1355 1072 1399 gemitus,
1125 1354 1169 1388 V.
1197 1355 1238 1389 B.
1267 1367 1319 1399 sp.
1347 1355 1381 1391 h.
1410 1356 1499 1392 3.:'‡›8.
1529 1360 1563 1389 et
1591 1368 1642 1400 sp.
1670 1357 1704 1391 d.
1732 1357 1830 1397 355:

270 1397 369 1433 Socr.
397 1399 435 1433 F.
464 1411 607 1444 semper
633 1412 658 1435 s.
688 1404 740 1434 est
769 1401 1001 1435 adversis“
1046 1401 1125 1435 Wo.
1154 1401 1346 1437 Sententia
1374 1414 1459 1436 sane
1487 1403 1614 1437 futilis.
1644 1402 1829 1448 Scriptum

266 1445 377 1480 fuisse
405 1448 590 1490 suspicor:
621 1447 824 1489 „Felicibus
852 1449 1003 1483 adversa
1031 1453 1085 1483 est
1114 1461 1257 1493 semper
1283 1450 1452 1483 invidia.“
1482 1449 1622 1494 Haupt.
1641 1450 1735 1484 Phil.
1755 1450 1827 1486 HI.

267 1492 451 1536 duplicem
478 1494 560 1528 huic
588 1506 733 1528 versum
759 1496 956 1539 expedivit.
985 1496 1138 1530 alterum
1158 1509 1190 1540 p.
1211 1497 1289 1531 357.
1311 1496 1356 1532 V.
1380 1498 1441 1532 38:
1469 1496 1642 1531 Felicitas
1666 1497 1829 1532 subiecta

266 1540 428 1575 adversis
456 1553 601 1585 semper
627 1546 690 1583 est.
719 1543 875 1576 alterum
912 1556 945 1587 p.
974 1544 1053 1578 379.
1081 1543 1127 1579 V.
1167 1545 1240 1579 611:
1283 1543 1456 1578 Felicitas
1484 1545 1644 1579 subiecta
1668 1545 1827 1579 invidiae

271 1598 414 1631 semper
441 1593 506 1623 est.
558 1589 613 1624 Cf.
642 1589 741 1624 Sent.
769 1590 861 1624 falso
888 1591 985 1624 inter
1010 1590 1116 1624 Publ.
1144 1594 1281 1635 recept.
1310 1592 1389 1626 158.

360 1635 415 1670 94.
444 1636 499 1670 95.
523 1636 579 1670 De
607 1637 659 1670 ira
677 1636 909 1681 Pythagoras
929 1637 1019 1672 dixit
1039 1638 1216 1672 iracundo
1239 1638 1401 1672 cuidam:
1429 1639 1630 1682 quominus
1650 1640 1826 1683 presseris

267 1682 369 1721 iram.
398 1682 466 1717 hoc
493 1684 537 1717 ab
565 1684 619 1717 ira
646 1685 760 1728 magis
787 1686 978 1728 prcmeris3
1019 1690 1105 1719 tunc
1144 1686 1239 1719 enim
1266 1697 1331 1719 nos
1357 1686 1550 1729 incipimus
1578 1686 1681 1720 nobis
1707 1687 1824 1727 irasci,

265 1741 347 1762 cum
374 1729 455 1763 aliis
482 1730 708 1767 desinamus:
736 1731 845 1765 finem
872 1744 1026 1775 namque
1053 1733 1128 1766 irae
1154 1732 1300 1766 initium
1328 1744 1404 1766 esse
1432 1734 1690 1776 poenitentiae.

360 1789 393 1820 p.
438 1778 492 1813 21.
536 1777 634 1811 Mon.
679 1777 768 1812 VH.
807 1781 835 1813 1.
880 1779 932 1813 Cf.
961 1778 1063 1813 Sent.
1091 1779 1183 1813 falso
1210 1780 1306 1813 inter
1332 1779 1437 1815 Publ.
1465 1784 1600 1824 recept.
1639 1781 1717 1816 160.
1746 1780 1823 1817 161.

264 1822 431 1857 Priorem
458 1825 678 1859 sententiam
705 1826 754 1859 sic
780 1827 940 1860 numeris
980 1826 1177 1860 adstrinxit
1216 1826 1274 1862 Ri.
1303 1826 1349 1862 V.
1377 1828 1462 1862 224:
1491 1827 1573 1861 Hbc
1599 1827 1716 1872 magis
1743 1839 1823 1872 pre-

263 1871 362 1904 mere
379 1871 423 1904 ab
439 1872 503 1912 ira,
532 1873 603 1916 quo
621 1873 739 1906 minus
758 1874 851 1907 iram
869 1874 1063 1918 presseris3
1083 1874 1324 1917 posteriorem
1342 1874 1448 1909 Publ.
1464 1873 1483 1907 I
1501 1875 1545 1909 43
1561 1875 1663 1915 (⁴273)
1678 1874 1826 1909 affinem

262 1917 314 1951 ita
340 1917 538 1954 Gruterus:
581 1919 647 1953 Est
675 1919 757 1953 finis
783 1921 859 1954 irae
887 1921 1033 1954 initium
1060 1922 1317 1964 poenitentiae.
1381 1922 1431 1955 At
1469 1926 1534 1955 est
1574 1922 1707 1955 nullius
1750 1921 1825 1956 fere

263 1966 440 1999 momenti
466 1966 503 1999 in
529 1966 584 1999 his
611 1968 827 2010 praesertim
870 1968 1061 2002 sententiis
1100 1979 1169 2001 vox
1214 1969 1250 2002 in
1289 1980 1414 2002 versus
1440 1969 1622 2013 principio
1649 1969 1822 2004 collocari

263 2023 336 2045 non
363 2013 467 2048 solet.
1511 2052 1517 2054 .

358 2060 413 2095 96.
441 2059 642 2094 Iracundus
669 2073 752 2094 cum
778 2062 886 2095 irasci
913 2061 1072 2102 desierit.
1101 2065 1186 2096 tunc
1213 2063 1386 2097 irascitur
1412 2063 1490 2097 sibi.

356 2119 389 2150 p.
419 2108 474 2141 21.
503 2107 600 2141 Mon.
630 2107 719 2149 VII,
747 2110 777 2143 3.
807 2106 860 2142 Cf.
888 2108 993 2143 Publ.
1020 2108 1039 2142 I
1065 2110 1109 2143 43
1137 2110 1252 2154 (215).

355 2155 411 2190 97.
439 2154 524 2198 Ipse
551 2158 586 2188 te
613 2157 752 2195 coerce,
780 2160 895 2200 pater.

354 2213 387 2244 p.
415 2202 471 2236 33.
498 2201 596 2235 Mon.
625 2201 727 2236 XLI.
755 2204 787 2238 2.

355 2248 473 2282 Iratus
500 2248 576 2282 filio
603 2250 680 2293 ipse
707 2254 743 2283 te
770 2252 907 2291 coerce.
936 2255 1051 2294 pater.

353 2307 387 2338 p.
414 2297 470 2331 41.
498 2295 579 2331 Par.
609 2298 662 2332 57.
693 2297 772 2339 „w
800 2297 840 2332 B.
869 2297 990 2332 Socr.⁴⁴
1022 2297 1102 2333 Wo.
1131 2297 1268 2342 Haupt.
1296 2298 1391 2333 Phil.
1419 2297 1492 2332 III.
1520 2310 1555 2342 p.
1584 2299 1662 2334 377.
1690 2311 1722 2334 V.
1751 2300 1811 2335 33:

258 2340 380 2375 Iratus
407 2342 482 2376 filio
510 2343 588 2386 ipse
614 2348 651 2378 te
679 2346 861 2378 coerceas

355 2389 411 2425 98,
439 2388 633 2424 Minimum
660 2395 741 2432 eget
769 2391 945 2427 mortalis.
975 2393 1035 2435 qui
1061 2393 1251 2426 minimum
1278 2392 1389 2436 cupit.

351 2447 387 2479 p.
414 2437 470 2471 23.
497 2436 595 2471 Mon.
623 2437 712 2473 XII.
740 2439 772 2474 ὃ.
802 2438 856 2473 Cf.
885 2438 991 2473 Publ.
1017 2439 1036 2473 I
1063 2441 1107 2474 :36
1134 2440 1249 2483 (256⁴).

350 2484 404 2517 99.
432 2483 514 2526 Age
542 2484 591 2518 sic
619 2485 787 2526 alienum,
817 2490 855 2519 ut
883 2489 985 2520 tuum
1012 2498 1085 2520 non
1111 2487 1339 2521 obliviscaris
1367 2487 1566 2531 negotium.

349 2542 383 2573 p.
410 2526 575 2565 41sPar.
603 2532 657 2566 45».
688 2532 767 2574 ‚.W.
796 2532 836 2568 Β.
865 2532 987 2570 Socr.“
1007 2533 1087 2567 Wo.
1107 2533 1247 2578 Haupt.
1266 2533 1359 2567 Phil.
1387 2532 1459 2568 III.
1481 2546 1512 2577 p.
1533 2534 1612 2568 376.
1628 2545 1661 2569 v.
1681 2534 1712 2568 2.
1732 2534 1813 2579 Age

258 2576 309 2610 sic
336 2578 495 2611 alienum
520 2583 559 2611 ut
587 2582 689 2612 tuum
715 2591 787 2612 non
814 2580 987 2625 neglegas
1015 2582 1216 2624 negotium.

351 2624 428 2659 101).
455 2625 587 2659 Amico
615 2626 663 2659 ita
691 2627 872 2670 prodesto.
900 2639 946 2662 ne
971 2627 1039 2660 tibi
1065 2639 1207 2662 noceas.

347 2683 381 2715 p.
408 2672 464 2706 41.
492 2671 573 2705 Par.
601 2673 656 2707 46.
686 2673 773 2706 Cod.
809 2674 838 2708 O
883 2674 1125 2718 «Veronensis
1152 2674 1289 2718 Meyeri
1316 2686 1350 2717 p.
1379 2675 1433 2709 66.
1461 2674 1514 2713 25.
1543 2676 1597 2718 3);
1642 2673 1811 2709 Socrates

251 2718 385 2752 Amico
411 2719 461 2752 ita
488 2719 659 2762 prodesto
686 2731 730 2754 ne
756 2721 824 2754 tibi
850 2732 992 2757 noceas,
1038 2721 1118 2763 „W.
1145 2722 1186 2757 Β.
1216 2722 1339 2757 Socr.“
1370 2720 1450 2756 WO.
1479 2720 1532 2756 Cf.
1560 2721 1664 2756 Publ.
1708 2720 1728 2755 I
1755 2721 1810 2756 64.

255 2763 355 2800 Sent.
384 2765 475 2799 falso
503 2767 603 2800 inter
629 2766 736 2802 Publ.
764 2771 901 2812 recept.
932 2769 1007 2803 165.
