1967 3090
742 115 1061 156 —1415—

124 234 277 274 propter
293 241 460 264 numeros
477 229 723 263 memorabilis
742 232 806 269 est,
827 229 959 272 quippe
977 228 1037 272 qui
1055 239 1203 262 caesura
1221 239 1346 262 carens
1364 229 1501 272 triplici
1519 228 1675 264 diaeresi

122 277 362 312 discindatur.
426 276 603 311 Similiter
640 276 829 320 compositi
880 278 962 309 sunt
999 275 1104 310 Publ.
1144 275 1171 309 (J
1211 276 1230 309 5
1268 275 1355 320 (89).
1419 275 1447 309 C
1487 277 1530 311 33
1556 276 1672 321 (118).

126 323 160 358 D
188 325 207 359 9
233 325 345 368 (131).
396 323 430 358 N
455 325 499 358 49
525 324 636 368 (425).
696 323 729 366 Q
761 324 781 358 3
815 323 930 367 (503).
980 321 1061 356 Iani
1092 333 1179 355 vero
1214 322 1303 356 haec
1337 334 1459 356 versus
1494 323 1674 357 sententia

127 374 202 406 est:
230 371 311 405 Non
337 371 443 405 facile
469 371 601 404 damno
627 369 793 411 afficitur,
822 370 888 403 nisi
916 370 975 413 qui
1003 368 1130 412 opibus
1166 369 1343 403 abundat:
1380 373 1506 403 cantat
1538 381 1673 404 vacuus

124 429 250 452 coram
275 419 415 452 latrone
441 419 569 453 viator.
626 417 678 452 Of.
714 417 796 452 Sen.
831 417 876 450 de
906 419 1024 460 tranq.
1060 415 1167 451 anim.
1203 415 1313 450 VIII.
1348 416 1386 450 2:
1421 417 1674 462 intellegemus

126 467 333 510 paupertati
360 477 400 499 eo
427 466 603 498 minorem
627 467 900 504 tormentorum,
929 475 999 507 quo
1030 463 1209 497 minorem
1242 463 1455 497 damnorum
1488 475 1565 498 esse
1599 476 1674 499 ma-

127 514 266 547 teriam.
325 512 478 546 Bothius
511 523 656 546 versum
687 514 728 544 ut
764 511 941 545 insulsum
981 510 1102 544 omisit
1134 510 1196 550 (cf.
1231 522 1262 544 V.
1297 511 1380 554 173)
1417 510 1589 545 Pithoeus
1623 512 1676 545 sic

127 560 290 604 scripsit:
318 559 362 593 D.
388 571 423 594 n.
450 571 495 593 ex
521 558 745 592 abundantia
769 569 852 591 raro
869 558 969 592 venit
994 557 1039 592 cf.
1059 556 1158 591 Sent.
1186 557 1277 591 falso
1303 557 1399 592 inter
1416 557 1523 591 Publ.
1538 561 1674 603 recept.

127 608 171 642 74
197 608 284 651 (90).
335 606 557 641 Ribbeckius
584 605 652 639 hoc
677 605 802 639 modo:
830 604 877 639 D.
903 617 937 640 n.
965 616 1008 639 ex
1035 605 1224 648 opulentia
1250 615 1333 638 raro
1361 605 1491 639 evenit.

220 654 251 688 E
280 655 310 688 1.
337 653 405 693 „In
431 653 622 688 tormentis
649 663 757 696 saepe
782 652 1007 686 mentiuntur
1033 655 1069 686 et
1095 652 1305 686 innocentes
1332 651 1454 685 adacti
1487 652 1672 686 cruciatu“

125 701 311 735 Erasmus.
361 700 414 734 Of.
443 699 568 744 Quint.
594 698 647 734 ΙΙ.
677 700 730 741 17,
745 700 800 734 27.
826 711 909 733 nam
936 702 973 733 et
996 699 1226 733 mendacium
1252 699 1374 733 dicere
1392 699 1502 733 etiam
1519 699 1675 743 sapienti

127 748 321 792 aliquando
348 758 555 781 concessum
580 750 646 781 est.
697 746 862 781 Pub1.V
888 750 909 781 ὅ
936 747 1050 791 (636).

222 797 254 831 2.
281 795 513 835 PeriuruS,
540 793 635 837 quod
660 794 737 838 ipse
762 794 901 837 scripsi,
928 793 1143 827 vocabulum
1157 793 1376 833 Plautinum,
1403 804 1475 827 non
1500 796 1575 827 tam
1594 804 1675 827 eum

128 843 320 888 significat,
347 842 407 885 qui
433 842 620 885 conceptis
645 841 765 875 velbis
791 841 989 885 periurium
1015 841 1111 881 fecit,
1148 851 1256 884 quam
1281 841 1341 884 qui
1366 841 1596 875 mendacium
1621 840 1673 874 di-

129 890 187 930 cit,
216 890 398 923 hominem
430 900 563 922 vanum
596 891 633 922 et
664 888 876 923 mendacem
910 888 954 923 cf.
982 887 1100 923 Plaut.
1128 887 1205 921 Mil.
1241 887 1271 922 Ι.
1301 889 1330 928 1,
1347 888 1402 922 21.
1438 888 1675 932 periuriorem

126 937 195 970 1166
221 937 402 970 hominem
429 936 458 969 si
483 936 562 979 quis
596 935 737 969 viderit.
763 935 831 970 IV.
859 936 961 977 2,74.
987 935 1057 969 11611
1090 938 1230 969 ecastor
1263 934 1447 970 hominem
1478 935 1674 979 periurum.

128 983 239 1027 Vero.
266 984 359 1017 Aen.
385 982 435 1017 ΙΙ.
466 983 541 1017 195.
567 983 703 1026 periuri
730 1003 773 1007 —-
801 982 956 1017 Sinonis.
976 981 1058 1018 Sen.
1086 982 1131 1016 de
1156 982 1197 1017 ir
1224 982 1276 1017 II.
1304 982 1378 1022 28,’
1379 983 1406 1017 ἶ.
1433 985 1470 1016 et
1489 982 1678 1017 mendacia

128 1031 360 1075 persequitur
376 1031 454 1074 ipse
472 1030 649 1074 periurus.
690 1029 788 1064 Hinc
805 1030 990 1074 peiera1
1000 1040 1019 1063 e
1045 1029 1141 1074 apud
1162 1029 1283 1065 Plaut.
1303 1028 1414 1065 Poen.
1433 1029 1485 1064 ΙΙ.
1504 1029 1559 1064 34.
1578 1029 1677 1063 idem

129 1078 237 1118 valet,
264 1077 360 1121 quod
383 1078 542 1111 mentiri.
592 1076 695 1111 Haec
721 1078 834 1122 igitur
850 1088 974 1111 versus
1001 1077 1198 1111 sententia:
1226 1076 1297 1111 Vel
1314 1076 1490 1117 mendaci
1512 1076 1674 1120 quamvis

128 1126 205 1169 ipse
222 1124 332 1159 fidem
349 1124 463 1165 fallat,
490 1127 531 1157 tu
549 1125 694 1167 quidem
711 1124 820 1158 fidem
833 1135 952 1159 serva.
1004 1124 1058 1158 Cf.
1079 1124 1163 1159 Sen.
1183 1124 1228 1157 de
1254 1124 1295 1158 ir.
1315 1122 1366 1159 ΙΙ.
1394 1124 1486 1165 28,
1472 1134 1498 1159 1.
1548 1123 1677 1168 Longe

129 1173 300 1206 nimirum
325 1171 431 1206 aliter
447 1171 635 1206 Erasmus:
666 1171 791 1214 „Adeo
810 1171 986 1205 servanda
1004 1174 1060 1206 est
1077 1171 1176 1211 fides,
1204 1175 1245 1204 ut
1263 1171 1373 1205 etiam
1390 1171 1495 1205 malis
1514 1171 1551 1205 in
1568 1170 1677 1205 rebus

130 1219 325 1263 aliquando
351 1219 571 1262 praestanda
598 1219 675 1254 sit.“

286 1266 474 1309 „Cupienti
508 1266 619 1299 etiam
652 1265 838 1299 festinatio
872 1265 1016 1299 videtur
1048 1268 1166 1298 mora“
1197 1265 1380 1301 Erasmus.
1446 1265 1519 1299 Hic
1552 1276 1676 1299 versus

129 1314 198 1347 etsi
225 1284 405 1347 sententia
430 1325 511 1346 cum
539 1313 642 1346 Caec.
668 1313 773 1347 Balb.
800 1325 834 1356 p.
864 1313 917 1347 19.
944 1312 1041 1347 Mon
1069 1312 1099 1346 Ι.
1127 1314 1169 1347 15
1196 1311 1311 1357 (Sent.
1350 1313 1434 1357 183)
1468 1313 1549 1346 coll.
1577 1311 1677 1347 Sent.

129 1360 223 1394 falso
248 1361 344 1394 inter
369 1359 472 1393 Publ.
501 1363 636 1404 recept.
664 1360 730 1395 365
759 1360 840 1405 (39)
868 1360 1045 1405 congruit,
1083 1360 1203 1394 verbis
1229 1363 1352 1394 tamen
1384 1359 1438 1393 ita
1470 1359 1604 1401 diflert,
1639 1362 1680 1393 ut

131 1407 286 1441 similem
319 1407 440 1451 potius
473 1407 643 1447 alterum,
684 1417 792 1451 quam
832 1407 986 1441 eundem
1025 1418 1102 1440 esse
1143 1407 1345 1442 existimen.
1404 1406 1500 1440 Vide
1542 1406 1679 1450 Meyer.

128 1467 164 1499 p.
184 1455 240 1490 44.
259 1454 303 1489 cf.
320 1453 427 1487 Publ.
446 1453 476 1487 L
496 1455 536 1488 11
556 1454 667 1499 (302)
718 1453 801 1488 Seu.
819 1455 950 1498 Agam.
978 1454 1056 1488 425.
1084 1454 1200 1487 omnis
1227 1454 1378 1487 nimium
1411 1454 1522 1499 longa
1548 1465 1678 1498 prope·

129 1502 227 1535 ranti
251 1512 353 1535 mora
379 1504 444 1535 est.
496 1496 583 1535 Sall.
610 1496 689 1545 Iug.
717 1502 771 1542 64,
790 1502 820 1536 6.
849 1502 968 1534 animo
995 1501 1156 1545 cupienti
1182 1501 1272 1534 nihil
1299 1502 1386 1535 satis
1413 1500 1620 1535 festinatur.

225 1549 257 1584 4.
283 1548 527 1592 Transpositis
546 1548 667 1582 verbis
685 1548 830 1592 scripsi:
851 1549 1039 1592 sapiens
1067 1548 1234 1583 alieno.
1271 1548 1348 1582 Nec
1367 1549 1461 1582 enim
1479 1548 1682 1582 alterius

132 1606 198 1630 nec
216 1596 334 1630 alius
361 1599 460 1629 lecte
486 1607 523 1629 se
539 1595 672 1629 habere
697 1595 851 1637 videtur,
880 1606 962 1629 cum
978 1595 1185 1639 pronomini
1204 1607 1310 1629 suus
1335 1606 1408 1629 non
1435 1595 1555 1628 alius
1573 1606 1682 1639 gene-

130 1644 255 1681 tivum,
276 1643 340 1676 sed
355 1643 575 1677 adiectivum
590 1643 771 1676 alienus
794 1643 1016 1686 respondere
1034 1642 1345 1685 frequentissimus
1364 1643 1582 1687 scriptorum
1599 1654 1682 1676 usus

132 1690 272 1734 probet.
302 1689 399 1724 Satis
421 1693 474 1724 est
490 1689 652 1724 Senecae
662 1690 810 1733 aliquot,
829 1691 889 1733 qui
906 1690 999 1723 illud
1009 1692 1200 1730 testentur,
1220 1689 1442 1732 aliorumque
1461 1690 1683 1733 scriptorum

132 1738 229 1771 locos
249 1736 413 1771 attulisse
431 1737 477 1772 cf.
496 1748 551 1781 ep.
570 1736 656 1772 XX.
675 1738 695 1772 6
712 1738 815 1781 (123)
840 1738 893 1771 11.
920 1737 1009 1770 istos
1029 1737 1151 1770 tristes
1170 1740 1207 1770 et
1224 1737 1477 1781 superciliosos
1497 1737 1682 1771 alienae

131 1785 227 1818 vitae
254 1795 432 1825 censores,
460 1795 566 1818 suae
584 1784 705 1818 hostes
725 1787 814 1827 etqs.
842 1784 887 1818 de
903 1784 1002 1818 brev.
1029 1784 1092 1817 vit.
1119 1782 1170 1818 ΙΙ.
1200 1785 1229 1818 1.
1256 1784 1433 1827 quosdam
1451 1786 1598 1827 torquet
1623 1795 1682 1818 cu-

132 1831 218 1875 pido
236 1832 399 1865 malitiae
417 1843 600 1874 nunquam
617 1843 689 1864 non
715 1834 777 1865 aut
795 1831 964 1865 alienis
985 1831 1154 1875 periculis
1171 1811 1330 1865 intentos
1350 1833 1412 1865 aut
1430 1831 1499 1864 sui
1511 1842 1525 1864 s
1545 1831 1681 1866 auxios.

129 1880 166 1913 2.
192 1878 324 1912 multos
343 1882 403 1912 aut
422 1879 619 1913 adfectatio
638 1879 764 1912 alien
776 1889 823 1912 ae
842 1878 1009 1912 fortunae
1028 1880 1091 1911 aut
1109 1889 1216 1912 suae
1243 1879 1360 1924 [cura]
1380 1878 1548 1912 detinuit.
1580 1878 1681 1913 Caes

132 1925 210 1959 BG.
239 1925 305 1960 VI.
325 1926 379 1960 31
398 1926 504 1959 multi
522 1938 565 1960 ex
592 1926 685 1959 31113
704 1925 835 1959 finibus
853 1926 990 1997 egressi
1009 1937 1046 1959 se
1065 1936 1213 1968 suaque
1231 1926 1352 1959 omnia
1369 1925 1540 1959 alienis
1553 1925 1682 1959 simis

130 1973 367 2007 crediderunt
385 1973 465 2007 coll.
485 1972 662 2018 Herzogii
681 1973 803 2008 adnot
822 1972 940 2007 Liv.2
945 1974 1023 2013 2,1.
1042 1983 1108 2016 pro
1127 1983 1168 2006 eo
1194 1975 1235 2006 ut
1259 1972 1329 2017 ipsi
1346 1984 1391 2007 ex
1409 1973 1567 2007 alieno
1594 1983 1682 2016 agro

133 2031 240 2064 rapei
244 2023 306 2054 ent
324 2023 552 2064 agerentque,
573 2032 621 2053 su
634 2031 679 2053 as
698 2023 812 2053 terras
831 2019 955 2054 sedem
970 1985 1059 2054 belli
1077 2031 1154 2053 esse
1171 2019 1350 2054 viderunt.
1389 2019 1474 2053 Vid.
1494 2022 1685 2063 praeterea

135 2066 217 2102 Sen.
245 2068 289 2101 de
317 2067 419 2101 clem.
446 2066 476 2102 Ι.
505 2068 606 2103 123.
633 2067 736 2107 21,1.
763 2066 814 2102 ΙΙ.
842 2068 873 2101 2.
899 2067 944 2101 (16
970 2070 1089 2110 tranq.
1116 2067 1222 2102 anim.
1250 2066 1336 2101 XV.
1364 2068 1395 2102 6.
1430 2070 1504 2102 nat.
1544 2070 1682 2110 quaest.

134 2113 167 2148 I.
194 2115 286 2158 p.rol
315 2117 346 2149 6.
372 2114 440 2149 IV.
466 2114 581 2158 p.raef
609 2114 664 2148 22.
692 2114 736 2148 (16
762 2113 880 2148 benef.
909 2113 976 2147 IV.
1006 2115 1059 2154 13,
1076 2115 1106 2148 3.
1134 2113 1178 2148 de
1210 2114 1251 2148 ir.
1279 2113 1330 2149 II.
1359 2115 1412 2155 11,
1427 2115 1460 2149 4
1496 2114 1543 2147 ad
1568 2113 1682 2148 Marc.

135 2162 180 2195 de
194 2127 341 2196 Iconsol.
367 2160 434 2197 XI.
461 2163 493 2197 3.
521 2173 575 2205 ep.
601 2160 669 2196 ΧΙ.
697 2162 716 2195 2
743 2162 819 2205 181)
853 2162 909 2196 22.
944 2160 1048 2195 XVI.
1081 2161 1102 2194 4
1135 2161 1215 2205 (99)
1252 2161 1305 2196 16.
1340 2141 1488 2196 XV'III.
1524 2162 1544 2196 6
1579 2161 1684 2206 (109)

136 2210 190 2244 16.
207 2208 290 2242 XX.
311 2210 331 2243 6
346 2209 448 2253 (123)
468 2209 522 2244 10.
542 2208 698 2242 Alteri
711 2220 758 2241 us
772 2208 903 2241 vitium
917 2219 1046 2242 1-61661·
1064 2219 1108 2241 116
1129 2208 1275 2241 alterius
1295 2208 1468 2252 sapientis
1484 2207 1680 2251 significet:

135 2256 174 2289 id
199 2256 296 2299 quod
322 2268 341 2289 a
368 2257 551 2290 sententia
577 2255 759 2289 abhorret.
811 2254 1063 2290 Of.Pub1.A
1088 2258 1118 2290 2.
1170 2255 1380 2299 Eodemque
1405 2255 1513 2288 modo
1532 2254 1684 2289 Publilii

136 2303 266 2343 locum,
290 2304 327 2336 in
345 2314 450 2346 quem
477 2303 680 2337 alterius
706 2313 773 2346 pro
799 2302 985 2336 alienus
1007 2313 1073 2346 per
1094 2302 1326 2336 librariorum
1343 2302 1683 2346 interpretationem

136 2350 384 2393 incuriamque
402 2351 584 2384 invectum
602 2353 666 2390 est,
695 2349 959 2383 emendandum
977 2361 1055 2383 esse
1074 2349 1242 2383 arbitroi.
1295 2349 1348 2383 Cf.
1367 2348 1472 2384 Publ.
1492 2349 1522 2382 B
1549 2350 1568 2383 7
1596 2350 1683 2394 (50).

139 2396 216 2439 „Ex
255 2397 382 2431 alienis
416 2398 543 2431 erratis
579 2398 720 2441 sapiens
755 2396 908 2440 colligit.
943 2397 1030 2440 quid
1064 2396 1133 2430 sibi
1167 2397 1214 2430 sit
1247 2397 1469 2430 cavendum“
1497 2396 1682 2431 Erasmus.

137 2444 190 2479 Cf.
220 2443 324 2479 Publ.
352 2444 382 2477 B
408 2445 430 2478 4
455 2445 543 2489 (47).
570 2444 652 2479 Ter.
676 2444 749 2479 Ad.
784 2442 858 2477 ΙΙΙ.
893 2444 924 2483 3,
941 2444 994 2478 62.
1021 2443 1155 2477 Heaut.
1182 2443 1213 2478 I.
1240 2446 1271 2483 2,
1287 2444 1342 2479 36.
1374 2443 1425 2478 ΙΙ.
1464 2444 1492 2483 1,
1510 2443 1541 2478 9.
1591 2442 1683 2478 Hor.

138 2491 253 2525 Serm.
281 2491 310 2526 I.
337 2492 463 2532 4,106.
492 2492 569 2527 128.
600 2492 675 2526 129.
702 2491 841 2525 Erasm.
867 2490 987 2534 Adag.
1014 2503 1048 2535 p.
1076 2491 1131 2525 40.

232 2539 263 2573 5.
290 2538 428 2572 Tuetur
453 2539 641 2584 vulgarem
668 2538 886 2581 scripturam
913 2538 985 2572 Cic.
1013 2539 1056 2571 (le
1081 2550 1132 2571 or.
1159 2537 1210 2572 II.
1238 2539 1291 2577 19,
1307 2537 1362 2572 83.
1398 2537 1530 2571 deinde
1565 2537 1683 2582 singu·

136 2585 255 2619 lorum
280 2596 455 2629 generum
480 2589 612 2629 partes,
639 2585 677 2618 in
702 2596 772 2628 quo
800 2588 836 2618 et
862 2584 1021 2619 deesse
1047 2585 1204 2628 aliquam
1225 2588 1369 2629 partem
1395 2588 1430 2618 et
1457 2595 1684 2627 superare

137 2632 352 2666 mendosum
385 2636 448 2666 est.
508 2632 563 2667 De
597 2645 630 2667 v.
665 2643 836 2675 superare
870 2631 914 2666 cf.
949 2631 1058 2675 Vcrg.
1093 2632 1225 2677 Georg.
1260 2631 1290 2667 I.
1327 2632 1402 2666 139.
1428 2630 1503 2664 ΙΙΙ.
1531 2631 1584 2666 63.
1604 2630 1684 2666 Liv.

138 2678 185 2714 V.
205 2682 260 2714 21.
282 2679 414 2721 „Deest
434 2680 518 2723 quia
534 2691 606 2713 non
625 2680 759 2719 vident,
788 2689 858 2721 quo
876 2682 984 2722 pacto
1004 2679 1143 2723 possint
1162 2679 1301 2713 mederi
1318 2678 1431 2712 malis.
1451 2681 1488 2712 et
1507 2681 1684 2722 superest,

1411 2738 1452 2771 10
