1967 3090
221 270 493 312 coniecturam
536 266 657 313 eadit,
701 264 806 318 quod
847 263 896 304 de
937 261 1215 303 Ribbeckiana
1257 259 1450 300 diximus:
1494 270 1587 298 nam
1631 258 1677 297 ut
1714 257 1774 297 ait

222 336 423 376 Homerus
455 330 604 385 ῥεχθὲν
635 329 680 370 (δέ
711 344 750 369 τε
787 327 935 383 νήπιος
967 324 1084 379 ἔγνω.
1149 326 1206 365 Ex
1227 325 1291 365 his
1312 324 1440 378 igitur
1463 321 1772 363 difficultatibus

222 412 301 441 non
342 398 461 439 aliter
503 405 778 448 emergemus,
820 392 900 434 nisi
942 391 1156 432 verborum
1205 389 1388 430 ordinem
1430 401 1475 429 ea
1518 386 1773 433 scholastica,

224 476 344 517 quam
378 474 498 515 supra
530 458 910 504 demonstravimus,
944 455 1238 509 grammaticae
1271 451 1583 494 constructionis
1615 451 1775 491 ratione

222 526 507 582 perturbatum
527 524 571 565 in
591 524 699 564 hunc
727 521 893 564 modum
924 520 1248 562 restituerimus:

469 600 587 642 Facit
619 600 800 641 Fortuna
832 597 951 652 quem
982 609 1063 638 uon
1092 592 1524 648 remorer-isgradum.

229 680 295 721 Sic
327 679 396 732 qui
419 690 441 719 a
465 677 638 718 Grutero
670 676 920 717 constitutus
954 674 1016 715 est
1047 685 1186 714 versus
1208 670 1328 712 Publ.
1351 670 1406 711 H.
1431 670 1486 713 25
1510 667 1654 722 (⁴227)

483 755 576 795 Heu
608 752 855 794 conscientia
887 751 1014 792 animi
1046 749 1183 803 gravis
1217 749 1279 789 est
1312 746 1504 788 servitus!

225 839 272 868 ex
295 825 444 868 codicis
467 824 498 865 F
522 824 778 870 auctoritate,
815 821 886 863 sed
907 821 1041 862 verbis
1063 818 1324 872 transpositis
1355 816 1552 871 legendus
1575 817 1655 856 est:

394 901 488 942 Heu
521 913 641 954 quam
674 900 838 953 gravior
870 898 1065 940 servitute
1100 897 1162 938 est
1183 895 1310 936 animi
1343 893 1608 936 conscientia!

227 979 385 1021 Similia
427 979 512 1019 eius
558 975 890 1030 transpositionis
931 972 1115 1028 exempla
1145 973 1295 1014 videsis
1339 969 1458 1012 Publ.
1494 969 1523 1011 C
1557 971 1611 1013 26
1653 967 1777 1021 (111)

227 1046 268 1085 et
300 1043 325 1085 S
351 1044 406 1087 26
441 1042 576 1096 (609).

346 1107 536 1149 Alterum
568 1104 821 1159 corruptelae
844 1117 973 1158 genus
995 1104 1047 1144 iis
1070 1101 1240 1144 Publilii
1271 1101 1373 1143 10013
1407 1100 1598 1147 cernitur,
1633 1097 1778 1152 quibus

226 1173 350 1215 verbo
374 1171 606 1213 Publiliano
638 1171 806 1211 verbum
828 1169 1006 1210 alienum
1037 1166 1333 1221 interpretandi
1355 1178 1477 1207 eausa
1508 1163 1778 1205 substitutum

227 1237 426 1278 videatur.
501 1235 615 1286 Quod
658 1247 786 1288 genus
834 1246 925 1275 cum
972 1233 1078 1287 apud
1124 1232 1227 1273 alios
1274 1231 1493 1284 scriptores
1539 1231 1628 1269 tum
1676 1227 1780 1280 apud

230 1301 457 1341 Publilium
506 1299 687 1340 solemne
731 1300 804 1339 est.
878 1299 1012 1340 Unum
1057 1297 1256 1350 eligamus
1304 1294 1531 1348 exemplum
1577 1292 1780 1346 imprimis

227 1365 494 1408 luculentum.
547 1364 700 1404 Versus
729 1363 837 1404 enim
857 1362 977 1403 Publ.
1001 1363 1037 1402 D
1063 1363 1117 1405 10
1140 1362 1260 1414 (132)
1295 1373 1386 1401 cum
1408 1360 1450 1400 in
1472 1359 1637 1412 optimis
1663 1357 1782 1397 libris

232 1431 289 1470 310
323 1430 497 1482 scriptus
531 1429 608 1469 sit:

443 1503 762 1546 Deliberandum
783 1506 846 1544 est
869 1503 1059 1557 quicquid
1083 1501 1344 1543 statuendum
1363 1502 1426 1542 est
1443 1499 1571 1541 semel

233 1582 302 1623 sed
324 1584 370 1622 ut
394 1582 564 1623 haberet
597 1594 672 1634 quo
706 1580 863 1621 semel
894 1579 1127 1625 referretur,
1159 1580 1202 1620 in
1234 1579 1285 1619 F:

319 1645 637 1687 Deliberandum
669 1647 732 1686 est
763 1657 912 1698 saepe
945 1644 1135 1698 quicquid
1167 1643 1431 1684 statuendum
1464 1643 1526 1683 est
1560 1641 1687 1682 semel

233 1711 401 1764 denique
436 1711 477 1750 in
510 1709 562 1751 C:

356 1786 677 1828 Deliberandum
710 1788 772 1827 est
803 1786 886 1827 diu
919 1785 1110 1839 quicquid
1142 1784 1406 1826 statuendum
1445 1785 1509 1824 est
1540 1782 1665 1824 semel

232 1877 312 1905 non
335 1863 454 1905 modo
478 1863 755 1917 quicquid,
783 1863 888 1916 quod
910 1864 1019 1904 reete
1041 1861 1146 1903 vidit
1161 1861 1423 1903 Woelfflinus
1437 1859 1506 1915 ¹⁹).
1531 1859 1632 1900 falso
1654 1860 1786 1900 inser-

233 1930 333 1978 tum,
358 1928 427 1969 sed
445 1930 569 1969 etiam
586 1929 671 1969 sive
695 1941 713 1968 s
726 1941 750 1969 a
764 1941 784 1968 e
797 1941 821 1981 p
836 1940 856 1969 e
879 1928 965 1969 sive
987 1927 1075 1968 diu
1093 1927 1194 1975 eius,
1228 1926 1333 1980 quod
1349 1939 1373 1967 a
1390 1925 1567 1966 Publilio
1585 1925 1784 1977 scriptum

232 1994 342 2046 puto,
375 1993 786 2047 interpretamentum
817 1992 991 2040 videtur,
1035 1991 1217 2032 adverbii
1259 1991 1314 2032 de
1330 1991 1407 2032 010
1421 2003 1458 2031 s:
1503 2002 1579 2043 quo
1621 1990 1782 2042 recepto

233 2070 373 2099 versus
405 2058 464 2099 310
495 2070 537 2099 30
570 2058 716 2099 habet:

432 2134 751 2175 Deliberandum
784 2135 845 2174 est
878 2133 1023 2182 (100103,
1057 2133 1321 2175 statuendum
1352 2132 1415 2173 est
1447 2131 1585 2172 semel.

235 2210 332 2250 Pari
377 2209 496 2251 modo
537 2210 579 2250 in
621 2210 740 2253 Publ.
785 2211 821 2251 A
864 2210 888 2252 3
936 2222 1008 2263 pro
1059 2221 1123 2257 eo,
1169 2208 1276 2262 quod
1323 2208 1448 2249 ceteri
1496 2207 1593 2248 libri
1634 2206 1786 2246 habent

238 2274 304 2315 vel
335 2274 454 2315 tuto
485 2274 551 2315 vel
581 2276 725 2323 tuta,
770 2287 817 2315 ex
859 2273 1009 2315 codic-is
1040 2273 1283 2314 Basiliensis
1323 2272 1568 2314 auctoritate
1607 2271 1785 2324 aperta

237 2338 409 2391 reposui.
485 2337 660 2380 Gravius
707 2339 834 2380 etiam
881 2339 967 2380 eius
1009 2339 1171 2391 generis
1216 2338 1367 2379 vitium
1409 2336 1516 2390 apud
1558 2334 1783 2377 Caecilium

238 2402 413 2443 Balbum
434 2416 473 2456 p.
507 2404 576 2447 23.
608 2403 719 2445 Mon.
753 2403 846 2444 XII.
871 2403 895 2447 6
920 2401 1146 2454 (30111322)
1179 2403 1399 2449 invenitur,
1433 2400 1537 2454 quod
1569 2401 1785 2453 propterea.

237 2467 374 2517 affero,
399 2467 505 2520 quod
520 2467 637 2509 illam
652 2467 912 2509 librariorum
928 2467 995 2508 vel
1011 2467 1283 2521 interpretum
1305 2467 1505 2507 rationem
1528 2464 1784 2518 apertissime

238 2531 430 2574 ostendit.
498 2532 578 2573 Hic
626 2533 734 2574 enim
783 2546 875 2574 cum
917 2533 976 2573 310
1023 2532 1221 2585 scriptum
1267 2532 1345 2572 sit:
1390 2531 1579 2581 „Avarus
1620 2540 1787 2582 egens

238 2596 445 2645 damnum,
479 2598 520 2637 et
550 2597 588 2637 si
619 2610 699 2639 non
729 2597 923 2639 lucretur.
956 2596 1140 2650 patitur⁶²
1178 2596 1355 2650 primum
1399 2595 1460 2636 ita
1501 2592 1787 2647 corrigendum

238 2659 421 2701 videtur:
454 2662 615 2702 Avarus
653 2673 870 2714 gemens
913 2660 1105 2702 damnum
1147 2661 1226 2701 etsi
1265 2672 1345 2701 non
1386 2659 1565 2700 lueretur
1605 2657 1786 2711 patitur3

336 2777 384 2822 1⁵³)
412 2777 466 2811 Cf.
493 2776 692 2811 Woeifffin.
719 2776 867 2821 Proleg.
894 2788 927 2821 p.
956 2770 1029 2812 5οζ
