1967 3090
775 143 1096 186 —239—

159 264 232 294 tur.
283 258 338 293 Cf.
373 259 477 292 Publ.
515 258 541 293 C
577 260 621 294 25
648 259 761 303 (110).
800 258 828 292 F
863 259 882 293 6
917 258 1027 296 4171)
1068 256 1088 291 I
1125 257 1166 292 14
1192 257 1305 301 (243).
1343 256 1384 290 M
1410 257 1429 291 2
1455 257 1568 300 4310).
1605 255 1645 291 M
1671 257 1716 291 18

158 306 271 351 (326).
311 306 352 340 Μ
379 306 422 340 53
449 306 563 350 (361).
602 305 642 340 Μ
668 306 712 340 55
737 305 849 349 (363).
890 304 923 348 Q
949 305 993 339 35
1019 305 1131 349 (535)
1169 303 1198 337 Τ
1235 305 1254 339 5
1281 304 1392 348 (686).
1430 303 1520 348 ,.Qui
1545 303 1651 338 facile
1678 314 1715 337 se

160 354 266 388 unius
284 354 435 387 alieuius
454 353 658 397 suspicione
675 346 854 397 prehendi
880 352 1027 396 patitur,
1056 346 1146 385 adeo
1172 355 1363 395 promptus
1389 354 1444 385 051
1464 351 1509 384 3(1
1529 351 1713 394 suspican-

160 401 257 440 dum,
293 404 331 434 ut
358 411 431 433 non
457 401 574 433 minus
602 400 707 433 unius
740 399 836 433 illius
864 399 1020 432 hominis
1047 397 1207 438 insidias.
1239 409 1347 441 quam
1372 408 1516 432 omnem
1542 401 1714 431 naturam

159 451 267 490 atque
305 447 466 481 indolem
497 447 692 480 humanam
726 450 764 479 ut
799 444 978 489 perfidam
1011 450 1046 479 et
1079 445 1291 478 insidiosam
1325 445 1525 479 cavendam
1560 445 1713 479 arbitre-

159 498 230 529 tur.
237 498 253 512 ·'·'
282 493 579 576 SIuspicacein
603 494 764 527 animuin
790 493 882 526 dixit
909 492 993 526 Tac.
1020 492 1091 526 An.
1111 491 1140 526 I.
1167 492 1216 526 13.
1256 491 1312 526 De
1331 492 1511 525 sententia
1530 491 1573 526 cf.
1593 491 1711 525 Plaut.

164 540 264 575 Trin.
349 541 369 575 2
407 541 448 574 41
491 541 535 575 42

255 588 311 623 46.
339 587 478 632 Scripsi
503 587 719 631 probato.
747 586 843 630 quod
869 585 1043 631 5111311105.
1071 585 1286 629 nonplures
1305 585 1469 619 eiusdem
1487 585 1630 629 generis
1648 585 1712 619 ho-

160 635 276 669 mines
300 637 411 678 poeta
439 634 532 668 solet
558 634 743 678 appellare
757 601 813 668 lcf.
840 634 876 667 A
904 616 958 668 11.
985 631 1020 666 D
1038 632 1082 666 ’⁰
1109 633 1222 677 (142).
1262 632 1330 667 Ε
1312 633 1332 654 2
1359 632 1470 677 (148).
1501 632 1532 666 Ε
1551 634 1571 667 9
1597 633 1712 677 (155).

159 681 199 716 Η
225 682 269 716 22
295 682 408 726 (224).
434 681 472 715 Η
499 682 542 716 23
570 681 673 726 ()25)
698 681 744 716 31.
771 679 1001 724 Quamquam
1026 691 1176 713 numero
1203 679 1339 724 plurali
1365 690 1439 713 non
1463 690 1612 723 prorsus
1633 679 1713 714 abs-

158 729 269 762 11111111
295 728 340 763 cf.
366 728 403 762 A
429 728 484 764 36.
510 729 566 763 45.
604 728 636 762 Ε
664 729 682 762 1
708 729 821 773 (147).
847 727 878 762 Ε
908 727 949 762 16
978 726 1093 771 (162).
1127 726 1157 760 F
1186 728 1229 762 10
1255 728 1358 772 (175)
1386 727 1431 760 31.

254 776 311 811 47.
346 774 392 810 Ι11
416 775 540 819 paucis
566 775 732 809 versibus
759 778 813 808 est
847 786 936 818 quos
963 773 1173 808 Turicensis
1199 774 1292 808 liber
1317 785 1423 808 sanos
1450 772 1496 807 ad
1520 773 1713 817 posterita-

159 825 234 857 tem
259 822 463 856 transmisit
490 822 532 856 01.
560 821 639 866 Me)
636 833 696 857 er.
724 823 807 856 Act.
833 821 932 856 Mon.
967 821 1063 856 1872.
1089 820 1156 856 IV.
1182 833 1217 866 p.
1246 821 1325 857 557.
1352 833 1384 856 v.
1413 820 1491 855 119.

253 870 310 905 48.
336 868 392 903 De
419 869 600 903 sententia
627 869 672 904 01.
698 868 804 904 Publ.
831 868 859 902 C
886 869 931 903 24
958 868 1071 913 (109).

253 916 310 952 49.
336 916 489 950 Etiam
515 916 560 950 ab
587 916 737 950 exordio
756 928 881 950 versus
908 927 981 949 non
1006 919 1083 948 tam
1101 914 1195 948 falso
1212 917 1404 954 remotum⁷
1433 925 1543 958 quam
1560 925 1602 948 eo
1620 914 1715 948 male

158 963 377 997 translatum
403 974 480 997 esse
506 966 607 1007 puto.
658 963 731 998 Pro
766 967 916 997 autem
950 963 1080 1006 scripsi
1111 966 1252 996 muta:
1286 962 1381 995 unde
1407 961 1476 996 hoc
1503 961 1607 995 docet
1635 972 1713 995 sen-

159 1010 276 1044 tentia
308 1010 447 1043 homini
477 1010 643 1044 malefico
674 1021 831 1054 poenam
856 1011 965 1053 longe
991 1009 1244 1053 gravissimam
1270 1009 1457 1053 imponere
1491 1009 1603 1042 animi
1629 1020 1713 1042 con-

159 1057 362 1097 scientiam,
397 1068 618 1101 quamquam
653 1069 733 1091 eam
767 1069 832 1092 nec
866 1057 1003 1091 iudices
1039 1057 1105 1089 ulli
1138 1061 1238 1090 certa
1272 1057 1353 1101 lege
1391 1055 1609 1089 definierunt
1646 1066 1714 1089 nec

159 1104 273 1139 ceteri
298 1116 317 1137 a
344 1105 517 1138 damnato
543 1104 617 1138 1110.
645 1116 727 1138 cum
750 1105 885 1139 tacitus
911 1104 1100 1137 sustineat.
1129 1104 1302 1137 sustineri
1320 1104 1492 1137 sentiunt.
1528 1102 1577 1136 L't
1595 1103 1715 1146 legem

158 1154 331 1185 mutum
356 1151 611 1195 magistratum
637 1151 725 1185 dicit
754 1152 827 1186 Cic.
854 1151 942 1196 Leg.
970 1150 1041 1184 ΙΙΙ.
1071 1152 1100 1185 1.
1139 1149 1194 1184 De
1221 1151 1401 1184 sententia
1428 1150 1474 1184 01.
1493 1149 1592 1184 Sent.
1620 1149 1713 1183 13150

160 1199 256 1232 iuter
281 1197 386 1232 Publ.
413 1202 550 1242 recept.
578 1199 656 1233 212.

256 1245 311 1280 50.
337 1244 408 1278 Illa
436 1246 638 1289 scripturae
664 1245 921 1298 discrepantia.
949 1256 1039 1288 quae
1066 1245 1103 1278 in
1129 1244 1158 1277 T
1179 1250 1214 1278 et
1234 1243 1264 1278 O
1288 1248 1452 1288 apparet.
1481 1243 1608 1277 suadet
1627 1254 1713 1277 neu-

159 1295 255 1326 tram
281 1296 379 1326 recte
423 1304 460 1325 se
497 1292 642 1331 habere.
678 1293 741 1326 sed
766 1293 804 1326 in
829 1297 983 1335 utraque
1010 1292 1350 1335 interpietationem
1375 1302 1482 1325 verae
1510 1291 1713 1334 scripturae

160 1338 395 1382 deprehendi.
422 1339 478 1373 De
505 1328 664 1373 dictione
690 1351 771 1383 pro
799 1350 844 1373 50
871 1338 915 1374 01.
942 1338 1049 1372 Publ.
1078 1338 1102 1372 S
1130 1339 1185 1372 51.
1214 1338 1440 1373 Caec.Balb.
1467 1350 1501 1382 p.
1529 1336 1712 1372 28111011.

157 1385 300 1421 XXVI.
330 1386 361 1420 2.
389 1383 645 1431 ‹Seut.171..)

256 1434 310 1468 51.
337 1432 425 1466 Pro
452 1444 497 1467 se
522 1434 544 1468 i.
573 1445 601 1468 e.
629 1445 696 1477 pro
723 1444 832 1467 causa
859 1445 932 1468 sua.

254 1479 297 1516 Τ.
326 1481 355 1515 1.
390 1479 482 1514 Hor.
509 1480 628 1515 Carm.
663 1479 715 1514 II.
743 1482 774 1521 2,
806 1482 834 1515 1.
861 1480 892 1513 2.
928 1479 1090 1513 Cassiod.
1117 1479 1186 1514 IV.
1221 1491 1276 1523 ep.
1305 1480 1358 1513 34.
1392 1478 1609 1523 prudentiae
1635 1488 1713 1512 mos

161 1530 214 1561 est
246 1527 284 1560 in
317 1527 494 1560 humanos
526 1539 612 1561 usus
646 1528 754 1561 terris
781 1527 919 1560 abolita
944 1527 1082 1561 talenta
1109 1538 1281 1561 revoc-are
1309 1526 1636 1568 commerciumque
1662 1524 1713 1557 vi-

159 1574 323 1608 ventium
356 1585 430 1607 non
464 1574 585 1608 dicere
609 1578 856 1609 mortuorum:
896 1574 980 1617 quia
1015 1579 1050 1607 et
1082 1574 1187 1607 nobis
1213 1574 1251 1607 in
1276 1573 1375 1607 fossa
1400 1576 1553 1617 pereunt
1579 1576 1615 1606 et
1641 1571 1713 1605 illis

159 1621 198 1654 in
222 1621 323 1654 nulla
349 1626 454 1664 parte
479 1621 671 1665 profutura
696 1621 874 1656 locantur.

256 1670 287 1703 2.
327 1667 449 1701 Homo
484 1669 626 1707 stultus.
663 1668 748 1701 dum
774 1671 886 1708 13001,
921 1679 987 1712 pro
1023 1668 1185 1711 sapiente
1220 1667 1392 1702 habetur:
1431 1667 1525 1700 unde
1558 1665 1652 1699 illud
1676 1665 1714 1698 in

161 1714 395 1758 proverbium
421 1715 527 1749 abiit:
567 1714 606 1749 Si
639 1715 825 1755 tacuisses,
861 1715 1099 1759 philosophus
1132 1715 1338 1749 mansisses.
1390 1714 1586 1758 Comparat
1619 1712 1713 1746 Gru-

162 1766 261 1795 terus
288 1760 422 1796 Salam.
449 1774 552 1806 prov.
578 1761 705 1796 XVII.
733 1762 790 1797 28.
817 1761 870 1795 Cf.
898 1761 1004 1795 Publ.
1031 1761 1061 1795 P
1086 1762 1130 1796 43
1157 1762 1272 1806 (492).
1323 1761 1498 1795 Proverb.
1530 1760 1606 1795 120.

255 1809 287 1844 3.
315 1808 490 1843 Gruterus
517 1809 701 1853 duplicem
727 1820 873 1843 versum
898 1809 1041 1843 induxit
1068 1812 1105 1842 et
1124 1809 1306 1843 senarium
1330 1809 1437 1848 hunc,
1464 1819 1573 1851 quem
1588 1806 1710 1850 posui-

160 1867 252 1897 mus,
286 1859 323 1889 et
357 1856 576 1899 quadratum
609 1867 772 1890 versum:
815 1856 926 1898 „Tam
953 1856 1064 1896 deest.
1092 1857 1190 1899 quod
1214 1856 1336 1895 habet,
1366 1866 1486 1896 avam,
1514 1866 1624 1898 quam
1648 1853 1714 1886 mi-

160 1913 252 1944 sero,
279 1903 375 1946 quod
400 1914 474 1937 non
498 1904 641 1937 11311019ί
683 1903 799 1937 Nemo
824 1903 934 1936 hodie
961 1906 1026 1943 est,
1053 1904 1142 1946 quin
1167 1903 1323 1937 alterum
1339 1914 1486 1936 versum
1510 1912 1577 1946 per
1602 1901 1713 1934 inter-

160 1950 407 1993 pretationem
433 1956 553 1984 ortum
579 1961 655 1984 0550
681 1950 820 1985 videat:
848 1961 1067 1993 quamquam
1091 1961 1202 1984 avaro
1220 1961 1294 1983 non
1319 1954 1395 1983 tam
1421 1950 1578 1989 miser,
1606 1958 1715 1991 quam

159 2007 299 2049 pauper
325 2000 386 2030 aut
414 2008 548 2042 egenus
575 1997 779 2030 contrarius
810 2008 887 2030 esse
913 1997 1032 2031 debet.
1083 1996 1187 2031 Haec
1214 1997 1406 2030 Erasmus:
1449 1997 1614 2039 „Avarus
1640 2005 1714 2028 non

159 2044 275 2088 magis
312 2027 454 2077 utitur!³
467 2045 552 2085 suis,
591 2055 700 2087 quam
739 2044 886 2078 alienis:
930 2044 1093 2087 utrisque
1119 2045 1232 2088 igitur
1257 2055 1302 2077 ex
1336 2054 1450 2087 aequo
1485 2045 1617 2076 caret-'st
1657 2040 1712 2075 Cf.

160 2089 320 2124 Pseudo·
324 2090 408 2126 Sen.
435 2091 481 2125 de
506 2091 644 2126 remed.
671 2091 757 2124 fort.
782 2090 820 2124 X
845 2092 875 2126 3.
914 2090 1063 2136 Fragm.
1082 2091 1138 2125 ed.
1132 2073 1216 2125 ξ’.Ῑῖικ
1235 2090 1376 2125 Η33511.
1394 2090 1465 2124 xol.
1484 2089 1559 2124 HL
1578 2100 1612 2133 p.
1632 2088 1713 2123 451.

163 2137 340 2180 „multum
365 2137 508 2173 habet.‘
559 2138 637 2171 Aut
655 2149 699 2171 ax
701 2149 783 2171 arus
809 2141 869 2171 aut
896 2121 1072 2182 prodi’gus
1099 2141 1170 2171 est:
1199 2138 1229 2171 si
1246 2137 1433 2182 prodigus.
1460 2147 1535 2170 non
1552 2135 1712 2175 habebit.

159 2184 191 2218 si
217 2195 356 2225 avarus,
384 2195 457 2218 non
481 2184 603 2218 habet.

254 2231 288 2266 4.
314 2230 450 2265 Perx
441 2242 544 2265 icax
578 2231 830 2266 ulciscitur
854 2231 944 2265 mihi
969 2232 1223 2275 interpretatio
1249 2232 1323 2265 eius
1342 2231 1497 2271 videtui,
1524 2230 1586 2274 qui
1610 2240 1713 2273 gra-

160 2278 283 2312 viter
316 2278 550 2312 irascitur
574 2278 812 2323 interpretari
836 2279 1008 2313 voluerit.
1058 2278 1253 2323 Sapiens
1280 2289 1376 2319 vero,
1404 2278 1502 2321 quod
1527 2280 1581 2311 est
1606 2276 1645 2310 in
1671 2275 1712 2317 Ο,

161 2325 402 2369 depravatum
427 2329 480 2359 cst
508 2336 552 2359 ex
579 2337 687 2359 sana
712 2336 855 2360 mens:
881 2337 955 2359 non
981 2326 1077 2359 enim
1104 2326 1279 2370 sapientis
1306 2328 1361 2359 est
1385 2324 1506 2359 irasci.

256 2372 289 2406 7.
315 2371 419 2406 Caec.
445 2372 550 2406 Balb.
639 2373 694 2408 34.
721 2372 820 2406 Mon.
847 2371 1032 2408 XLVHI.
1060 2374 1091 2408 1.
1117 2372 1235 2418 (Sent.
1263 2372 1368 2417 1082).

256 2418 288 2454 8.
315 2417 371 2453 De
397 2384 600 2453 sententiap
605 2418 651 2453 01.
677 2419 783 2453 Publ.
809 2418 841 2452 L
868 2421 910 2453 11
938 2419 1051 2464 (302).

258 2464 302 2499 V.
330 2466 360 2500 1.
387 2464 569 2507 Fatum,
605 2466 703 2510 quod
727 2469 862 2500 vocant
887 2465 1021 2501 Graeci
1044 2468 1111 2509 τὴν
1136 2468 1364 2512 ειμαομέιηιῃ
1403 2466 1493 2500 01·ᾱο
1527 2465 1714 2508 seriesque

161 2523 363 2554 causarum,
391 2523 472 2547 cum
497 2523 606 2546 causa
632 2524 762 2547 causae
786 2523 880 2547 nexa
904 2525 983 2548 rem
1001 2525 1044 2548 ex
1068 2524 1105 2547 se
1123 2514 1253 2559 gignat
1279 2511 1596 2557 (Cic.Div.I.55‚
1619 2512 1714 2554 125.)

160 2559 220 2592 vel
246 2539 466 2603 sempiterna
490 2559 669 2603 quaedam
695 2563 730 2594 et
755 2560 1025 2594 indeclinabilis
1051 2561 1162 2594 series
1180 2572 1303 2594 rerum
1329 2559 1388 2601 (cf.
1408 2558 1502 2594 Gell.
1521 2558 1604 2594 NA.
1623 2557 1713 2592 VII.

162 2606 274 2651 2,1.)
299 2610 435 2649 peceat,
464 2617 547 2640 cum
571 2610 746 2650 tanquam
772 2610 871 2641 certo
895 2618 1017 2641 rerum
1035 2607 1161 2641 ordine
1187 2608 1286 2641 laeso
1305 2606 1515 2651 prodigiosa
1533 2605 1714 2650 quaedam

162 2663 204 2686 ac
234 2652 408 2696 pestifera
432 2658 682 2697 procreantur.
733 2653 789 2687 De
815 2664 887 2697 qua
912 2665 944 2689 v.
979 2665 1180 2698 peccare
1205 2654 1242 2687 vi
1259 2664 1300 2688 ac
1335 2656 1519 2697 potestate
1545 2652 1591 2686 01.
1617 2651 1710 2687 Hor.

161 2697 281 2732 Carm.
308 2698 381 2735 III.
408 2700 464 2740 27,
491 2701 546 2735 20.
598 2699 682 2735 Sen.
715 2704 790 2734 nat.
826 2704 964 2744 quaest.
991 2700 1060 2737 VI.
1088 2702 1142 2742 14.
1170 2701 1201 2736 2.
1237 2701 1289 2734 ita
1313 2700 1422 2734 terris
1456 2710 1598 2743 quoque
1624 2699 1711 2733 dum

161 2746 296 2789 positio
320 2726 500 2781 naturalis
527 2750 593 2789 est,
620 2747 855 2782 inconcussae
880 2750 1040 2783 manent.
1084 2747 1175 2782 Cum
1201 2747 1339 2791 aliquid
1362 2749 1603 2791 peccatur,
1630 2749 1711 2780 tum
