1967 3090
872 142 1130 184 —ssm

220 253 365 307 arum,
410 258 457 299 de
489 271 565 311 quo
599 258 843 310 quaerimus,
877 259 1027 300 referre
1060 272 1202 313 corpus
1235 259 1408 301 videtur.
1472 260 1526 302 Ut
1557 272 1651 301 vero
1684 260 1784 301 illud

235 323 530 363 sententiarum
562 322 887 364 Publilianarum
926 325 1035 378 iusto
1076 325 1288 373 minorem,
1332 324 1406 365 hoc
1439 325 1624 376 quamvis
1655 325 1784 366 multo

234 387 445 435 maiorem,
484 389 619 428 tamen
651 401 732 429 non
765 389 895 429 totum
927 390 1108 430 continet
1140 402 1365 437 numerum,
1410 401 1529 441 quem
1570 390 1785 442 antiquum

235 453 531 493 sententiarum
573 465 715 506 corpus
757 453 922 494 babuit:
966 454 1024 495 sic
1059 454 1271 508 proverbia
1313 467 1415 507 quae
1459 453 1650 494 dicuntur
1691 467 1785 495 cum

233 529 351 569 prosa
373 517 554 558 oratione
576 517 800 571 perscripta
823 518 917 567 sint,
952 531 975 560 a
997 518 1228 559 l'ubliliano
1262 531 1426 572 corpore
1457 531 1620 572 prorsus
1653 518 1784 560 aliena

234 593 321 621 esse
345 581 618 623 confitendum
642 589 715 623 est.
766 583 870 633 Quid
893 583 997 636 quod
1019 583 1060 623 in
1092 585 1235 625 neutro
1269 583 1568 625 sententiarum
1602 583 1784 636 exemplo

233 645 405 687 Publilii
437 660 581 688 nomen
616 649 806 700 apparet;
855 647 959 688 unde
991 649 1101 689 recte
1133 648 1431 697 dubitaremus,
1475 661 1573 688 num
1615 647 1785 688 Publilii

233 711 456 752 sententias
499 711 741 764 legeremus,
785 712 864 753 nisi
905 713 1025 754 notae
1068 713 1265 765 quaedam
1296 713 1592 766 prominerent,
1639 713 1784 766 quibus
1841 765 1845 769 .

233 775 382 815 nullius
414 777 492 817 nisi
526 776 694 818 Publilii
734 777 959 818 sententias
1001 777 1067 818 hic
1106 777 1190 831 legi
1231 779 1456 832 appareret.
1520 777 1642 818 Tales
1675 777 1784 818 enim

232 841 335 881 istae
370 843 476 891 311111,
510 842 649 896 quales
682 842 838 883 Gellius
870 842 1044 892 notavit,
1089 842 1262 896 singulis
1295 843 1478 884 versibus
1512 843 1682 883 senariis
1713 844 1784 883 aut

234 905 439 958 quadratis
483 907 814 960 circumscriptae
852 909 893 948 61
924 921 1022 961 quas
1056 909 1097 949 et
1129 907 1305 949 Senecae
1338 909 1380 949 et
1413 907 1568 949 Gellius
1601 908 1784 961 protule-

232 972 340 1020 runt,
375 984 444 1013 eae
467 972 578 1026 ipsae
601 972 716 1013 iniis
748 973 1021 1014 inveniuntur.
1084 972 1264 1014 Publilio
1287 985 1382 1014 vero
1416 985 1484 1014 eas
1516 974 1625 1013 recte
1657 973 1784 1013 tribui

231 1036 436 1077 testantur
484 1037 789 1078 evidentissime
837 1040 1049 1090 excerpta,
1098 1051 1199 1091 quae
1245 1039 1417 1091 quatuor
1463 1037 1612 1079 abhinc
1657 1050 1783 1079 annos

233 1099 445 1142 Guielnms
488 1101 677 1155 Meyerus
728 1115 773 1142 ex
824 1102 1072 1143 bibliotheca
1127 1102 1344 1156 capitulari
1385 1102 1611 1143 Veronensi
1663 1102 1781 1143 eruit.

233 1165 385 1214 Quibus
427 1167 604 1207 inventis
636 1179 739 1208 nova
771 1166 934 1220 quidem
975 1167 1043 1207 lux
1081 1167 1261 1208 Publilio
1293 1167 1428 1208 venit:
1481 1167 1672 1208 videlicet
1703 1180 1784 1208 11011

232 1229 363 1270 30111111
406 1232 619 1284 sexaginta
661 1232 900 1281 sententiae,
944 1231 987 1272 in
1024 1232 1089 1273 his
1133 1231 1311 1272 sedecim
1342 1245 1469 1273 novae
1502 1233 1622 1285 atque
1655 1231 1784 1273 adhuc

232 1293 410 1347 ignotae,
441 1295 617 1336 Publilio
641 1296 913 1345 accesserunt,
948 1295 1018 1336 sed
1041 1295 1168 1348 etiam
1190 1295 1293 1348 quod
1325 1296 1369 1337 in
1400 1296 1545 1337 ceteris
1578 1296 1783 1337 codicibus

231 1358 382 1400 frustra
403 1360 633 1413 quaesitum
666 1362 766 1409 erat,
800 1373 947 1401 nomen
968 1360 1138 1401 Publilii
1168 1360 1235 1401 hic
1267 1360 1445 1413 primum
1477 1361 1661 1402 omnibus
1692 1373 1783 1401 ver-

233 1423 342 1464 sibus
375 1424 558 1466 additum
590 1425 848 1478 conspicitur,
882 1425 968 1466 sive
1000 1425 1152 1466 nudum
1185 1425 1337 1475 Publii,
1371 1425 1476 1478 quod
1507 1438 1579 1479 pro
1601 1424 1783 1466 Publilio

230 1488 295 1528 hic
328 1501 483 1543 quoque
516 1490 706 1542 obtinuit,
747 1489 992 1543 quindecies,
1036 1490 1121 1532 sive
1153 1491 1200 1531 ut
1230 1490 1408 1531 nationis
1442 1490 1662 1544 appellatio
1695 1490 1783 1531 adi-

231 1553 375 1603 ciatur,
408 1553 578 1596 Publius
612 1554 737 1608 Syrus
770 1555 845 1604 bis,
889 1555 972 1596 sive
1006 1554 1144 1596 addita
1186 1555 1287 1596 artis
1329 1555 1578 1608 professione
1612 1555 1782 1597 Publius

231 1618 381 1659 1111111113
424 1619 562 1668 3611161,
607 1620 692 1661 sive
733 1621 778 1660 ut
822 1619 1040 1661 definiatur
1081 1632 1128 1661 ex
1161 1632 1237 1673 quo
1270 1620 1409 1661 Publii
1451 1621 1601 1673 scripto
1646 1621 1782 1661 sumta

230 1682 330 1724 haec
371 1685 575 1726 sententia
617 1686 693 1725 sit:
737 1686 796 1726 Ex
828 1685 1044 1726 sententiis
1076 1685 1208 1738 publii
1240 1685 1466 1739 quinquies.
1529 1685 1637 1726 Hinc
1668 1686 1780 1726 recte

232 1746 422 1800 Meyerus
453 1748 603 1790 librum
624 1749 742 1790 illum
773 1750 998 1803 antiquum,
1033 1763 1108 1804 quo
1132 1749 1302 1791 Publilii
1334 1750 1563 1791 sententiae
1597 1750 1782 1792 contine-

230 1814 385 1865 rentur,
417 1814 657 1869 inscriptum
679 1815 804 1856 fuisse
829 1814 1045 1870 conicit11)
1079 1815 1247 1856 Publilii
1269 1814 1362 1868 Syri
1393 1815 1511 1856 mimi
1543 1815 1780 1856 sententias.

230 1877 399 1918 Accedit
430 1879 533 1932 quod
555 1892 655 1933 quae
678 1880 906 1922 sententiae
938 1881 980 1921 in
1011 1880 1076 1921 his
1109 1880 1307 1934 excerptis
1329 1880 1567 1930 afferuntur,
1601 1892 1672 1921 eae
1702 1892 1782 1921 non

231 1942 360 1994 unius,
405 1944 450 1984 ut
491 1944 566 1986 1100
606 1946 698 1986 utar
730 1945 864 1994 verbo,
909 1944 1163 1987 collectionis
1200 1957 1287 1986 esse
1319 1945 1594 1995 inveniuntur,
1629 1943 1699 1985 sed
1730 1943 1781 1985 ad

231 2006 367 2059 plures
409 2008 643 2050 referendae
684 2010 887 2051 videntur.
958 2010 1078 2051 Aliae
1122 2010 1231 2051 enim
1274 2010 1324 2051 ad
1368 2022 1458 2051 eam
1502 2009 1782 2050 collectionem

231 2071 414 2122 redeunt,
457 2086 577 2126 quam
615 2073 791 2115 Senecae
834 2075 1022 2125 diximus,
1067 2074 1171 2116 aliae
1214 2074 1264 2116 ad
1295 2074 1614 2128 Frisingensem,
1659 2086 1781 2127 quam

232 2137 401 2178 eandem
432 2138 664 2179 Palatinam
708 2139 809 2180 dixit
839 2140 1045 2193 Meyerus,
1090 2139 1196 2181 aliae
1228 2138 1278 2180 ad
1311 2140 1586 2188 Turicensem,
1619 2151 1711 2189 una,
1746 2138 1781 2179 si

230 2203 339 2242 recte
370 2202 466 2252 vidi,
510 2203 560 2244 ad
593 2203 813 2244 Caecilium
845 2204 1032 2246 Balbum.
1097 2205 1209 2255 Quae
1250 2217 1339 2245 011111
1373 2204 1433 2245 ita
1466 2204 1562 2253 sint,
1594 2216 1675 2245 non
1708 2202 1780 2244 du-

230 2265 314 2308 bito
337 2267 432 2320 quin
454 2280 501 2308 ea
523 2280 623 2321 quae
645 2268 834 2321 Meyerus
867 2270 951 2310 suis
985 2282 1031 2310 ex
1063 2282 1133 2311 suo
1166 2270 1331 2311 invento
1363 2269 1555 2322 vestigiis
1586 2268 1780 2310 insistens

231 2331 271 2371 et
293 2331 341 2372 de
362 2331 465 2373 libro
497 2332 568 2374 illo
600 2333 780 2386 antiquo,
814 2333 864 2374 ad
895 2346 1014 2387 quem
1045 2334 1121 2375 hae
1154 2347 1255 2387 quae
1288 2334 1449 2375 exstant
1481 2333 1780 2374 sententiarum

230 2395 491 2437 collectiones
522 2396 714 2445 redirent,
759 2399 802 2438 et
833 2398 880 2438 de
912 2411 1051 2440 earum
1083 2399 1242 2440 ratione
1275 2399 1511 2452 disputavit,
1554 2398 1605 2438 iis
1638 2398 1705 2451 qui
1737 2398 1779 2438 in

228 2460 408 2502 Publilio
451 2463 560 2502 recte
603 2462 884 2504 constituendo
927 2476 1091 2517 operam
1122 2463 1438 2512 collocaverunt,
1481 2461 1687 2516 probanda
1718 2462 1779 2503 vi—

231 2525 413 2566 deantur.
1208 2557 1213 2561 .

348 2590 427 2631 Sed
458 2592 504 2631 ut
535 2591 674 2632 redeat
706 2593 848 2642 oratio,
890 2593 993 2634 unde
1028 2593 1219 2646 degressa
1253 2595 1327 2642 est,
1370 2594 1532 2634 tantum
1563 2591 1664 2633 illud
1696 2591 1779 2632 1113-

350 2766 395 2810 11)
421 2765 555 2809 Meyer.
584 2765 730 2800 Samnii,
759 2767 792 2801 11.
820 2766 995 2810 Spruchv.
1022 2768 1055 2802 d.
1082 2767 1260 2801 Publilius
1289 2766 1398 2810 Syrus
1426 2779 1459 2810 1).
1486 2767 1541 2801 ie.
