1967 3090
763 181 819 186 —
882 158 965 199 2:57
1029 180 1085 184 -

144 273 239 306 iacet
264 272 380 306 hostis
406 284 515 306 arena
541 276 645 316 turpe
671 283 819 317 gemens
846 270 1105 314 crudosque
1131 275 1231 304 vetat
1258 271 1393 304 sentire
1419 269 1575 305 dolores.
1615 269 1697 313 Qua

143 319 299 352 admissa
325 320 535 353 coniectura
560 319 650 353 11380
676 330 801 353 versus
828 317 1010 351 sententia
1036 322 1106 351 est:
1144 317 1248 359 „Non
1274 317 1376 351 dolet
1401 317 1543 350 vulnus.
1572 328 1695 360 quam-

145 367 196 399 vis
223 367 375 400 crudum
400 367 456 405 sit,
485 367 515 399 si
541 367 696 400 victoria
725 366 861 409 potitus
888 364 1018 397 vulnus
1046 368 1183 407 geras.·‘

236 414 292 447 24.
327 413 384 446 De
411 413 559 446 secundi
586 413 690 456 pedis
716 415 912 455 anapaesto
949 411 994 446 cf.
1021 409 1126 444 Publ.
1153 410 1183 444 P
1211 412 1230 445 G
1257 411 1377 455 (455);
1404 423 1426 444 u
1452 410 1587 444 vocalis
1614 422 1696 454 pro-

141 460 370 494 nuntiatione
409 460 615 494 oblitterari
648 459 707 493 vel
738 459 950 492 delitescere
983 457 1139 497 videtur,
1175 463 1212 491 ut
1239 458 1335 501 apud
1367 457 1524 492 Phaedr.
1544 456 1617 491 III.
1639 458 1691 498 19,

143 507 173 541 5.
201 506 270 542 IV.
298 508 353 547 21,
380 507 412 542 4.
439 506 494 540 De
521 506 765 540 sentententia
791 505 838 540 cf.
864 504 971 539 Publ.
999 504 1027 538 C
1055 505 1095 539 31
1125 504 1236 547 (116).
1265 504 1288 537 S
1320 504 1359 537 15
1387 504 1502 548 (5118).

238 554 292 588 25.
319 553 423 588 Publ.
450 553 469 587 I
496 554 539 588 63
565 554 680 597 (264).
723 552 919 596 Comparat
945 551 1123 585 Gruterus
1149 551 1247 585 Flor.
1274 550 1303 586 Ι.
1331 551 1375 585 46
1401 550 1491 590 (III.
1524 552 1597 586 111:
1629 563 1695 585 nec

143 600 187 634 de
214 600 360 634 fortuna
386 601 490 644 queri
515 611 724 644 possumus3
752 602 853 633 caret
879 598 1016 632 solacio
1044 598 1175 633 clades,

238 648 293 683 ⁴26.
322 646 428 690 Quod
455 648 491 681 in
518 647 641 681 codice
666 646 695 681 F
721 651 785 686 est,
812 646 1054 680 abstule‘rt
1079 644 1338 689 explicandum
1366 645 1512 678 videtur
1538 645 1694 679 abstu-

143 695 318 733 lerunt.
367 699 407 728 ut
440 694 473 738 Q
504 694 547 727 55
574 694 674 737 (555)
712 686 960 727 (181’811(1ἕ1·1;
998 703 1077 727 8338
1115 691 1444 731 defenderunt,
1485 690 1509 725 S
1536 692 1555 726 6
1593 693 1696 736 (589)

140 742 234 776 fert
280 753 359 775 esse
385 742 543 775 ferunt
569 741 736 785 explicui.
780 739 939 773 Versum
972 751 1015 774 ex
1050 739 1147 772 mala
1178 739 1241 772 illa
1274 738 1468 771 verborum
1495 739 1692 782 transposi-

138 790 255 830 tione,
304 800 396 832 quae
429 789 606 822 rationem
640 788 919 833 grammaticam
953 787 1133 830 sequitur,
1169 786 1407 829 depravatum
1442 796 1517 818 esse
1553 797 1693 821 censeo,

143 836 237 870 Nam
263 847 343 869 cum
368 836 479 869 verba
505 836 556 868 sic
582 835 669 868 olim
694 835 914 880 legerentur,
947 838 985 867 ut
1013 834 1152 877 scripsi,
1179 833 1269 866 11380
1295 832 1341 866 ad
1366 832 1547 866 rationem
1572 844 1694 876 grani-

142 884 314 917 maticam
346 883 570 926 transposita
602 882 762 925 primum
795 882 846 915 ita
878 881 1050 915 videntur
1076 884 1200 914 secuta
1226 890 1322 914 esse:
1362 878 1442 912 Scit
1473 879 1562 913 hora
1592 879 1693 913 nulli.

142 931 247 964 multi
274 930 371 973 quod
397 930 481 963 anni
507 929 746 970 abstulerunt,
772 928 943 972 reddere3
977 932 1055 962 tum
1080 938 1167 961 vero
1193 927 1305 960 verbo
1332 926 1451 959 nulli
1477 926 1636 959 vicinum
1661 938 1694 959 v.

142 977 279 1010 multi
316 978 367 1010 ita
398 976 572 1015 nocuisse,
613 980 652 1009 ut
688 976 941 1015 intercideret,
983 979 1091 1018 atque
1126 974 1307 1008 sententia
1341 973 1378 1006 in
1411 973 1507 1006 hunc
1545 974 1694 1007 moduni

139 1023 403 1058 transformata
435 1034 531 1057 esse:
571 1022 650 1056 Scit
682 1023 772 1056 hora
797 1022 894 1066 quod
928 1023 1034 1056 multi
1067 1021 1153 1055 anni
1186 1021 1415 1054 abstulerunt
1447 1020 1601 1054 reddere
1634 1021 1692 1053 vel

139 1082 223 1104 cum
247 1070 406 1104 librariis
433 1082 478 1104 ne
504 1070 607 1104 verbi
634 1070 781 1113 quidem
813 1069 900 1103 scit
934 1070 1031 1113 apud
1056 1071 1183 1112 poetas
1209 1068 1263 1101 vis
1292 1078 1333 1100 ac
1359 1070 1519 1110 potestas
1547 1067 1696 1111 cognita

139 1120 245 1159 esset,
283 1118 407 1151 solet
442 1117 475 1152 h.
503 1129 535 1161 q.
563 1129 608 1152 m.
637 1129 667 1152 a.
695 1128 726 1152 a.
752 1128 780 1150 r.
817 1116 872 1150 Ea
897 1127 984 1149 vero
1012 1116 1201 1156 sententia,
1239 1126 1356 1158 quam,
1393 1118 1432 1147 ut
1458 1114 1544 1154 dixi,
1573 1118 1691 1148 ortam

140 1176 218 1198 esse
244 1164 362 1206 docui,
388 1165 449 1197 vix
476 1165 610 1197 iustam
637 1164 979 1207 interpretationem
1005 1163 1177 1197 admittit.
1220 1161 1350 1195 Hora
1375 1173 1456 1195 cum
1473 1162 1621 1204 proprie
1647 1162 1693 1195 sit

139 1215 271 1255 quarta
296 1218 333 1244 et
357 1212 534 1245 vicesima
559 1211 631 1245 diei
656 1211 849 1254 particula,
878 1211 989 1244 etiam
1016 1210 1124 1243 latius
1150 1212 1263 1253 patet,
1290 1212 1329 1242 ut
1356 1208 1441 1241 anni
1467 1214 1610 1252 tempus
1629 1208 1693 1241 ali-

139 1259 237 1302 quod
264 1258 444 1303 significet
475 1258 521 1291 cf.
555 1258 647 1293 Hor.
676 1257 796 1292 Carni.
823 1257 853 1291 Ι.
884 1259 936 1291 12.
967 1258 1021 1292 15.
1052 1257 1104 1291 16.
1131 1255 1205 1289 ΙΠ.
1236 1256 1288 1296 13,
1316 1256 1348 1290 9.
1378 1256 1430 1289 10.
1458 1254 1537 1289 Tib.
1564 1254 1632 1290 IV.
1662 1257 1691 1295 1,

140 1306 196 1340 50.
224 1307 279 1339 51.
318 1304 412 1340 Ρ1111.
445 1304 530 1340 NH.
558 1304 627 1340 IX.
662 1305 716 1345 35,
745 1306 800 1346 54,
835 1304 923 1338 XII.
961 1304 990 1345 3,
1020 1305 1050 1338 7.
1090 1303 1221 1346 Itaque
1247 1314 1267 1335 a
1293 1302 1412 1346 poetis
1446 1302 1499 1335 ita
1524 1303 1693 1345 usurpari

139 1353 241 1392 solet,
270 1356 309 1386 ut
335 1356 396 1386 aut
423 1352 533 1386 breve
560 1357 621 1385 aut
647 1355 787 1385 certum
814 1351 961 1394 aliquod
986 1351 1160 1394 temporis
1188 1350 1347 1393 spatium
1381 1348 1570 1393 significet.
1614 1348 1694 1382 Iam

138 1400 235 1442 quid,
263 1410 407 1442 quaeso,
436 1399 532 1442 quod
557 1398 664 1432 multi
690 1399 775 1432 anni
801 1398 1042 1437 abstulerunt,
1070 1397 1223 1431 reddere
1249 1397 1365 1440 possit
1392 1396 1481 1429 hora
1492 1398 1508 1430 ’.ἐ
1534 1407 1580 1428 311
1606 1406 1693 1439 opes

137 1450 174 1480 et
199 1445 370 1479 divitias?
403 1446 454 1480 At
488 1458 547 1479 eas
582 1457 648 1480 nec
674 1446 849 1489 temporis
877 1445 1135 1488 longinquitas,
1172 1443 1236 1477 sed
1261 1443 1419 1477 brevitas
1447 1443 1598 1486 eripere,
1626 1453 1694 1476 nec

136 1493 236 1533 hora,
271 1493 334 1526 sed
367 1493 606 1537 inopinatum,
641 1496 681 1526 ut
706 1492 783 1526 fere
809 1491 859 1533 fit,
889 1492 1057 1525 fortunae
1081 1490 1298 1525 beneficium
1323 1495 1509 1523 momento
1535 1489 1693 1523 reddere

137 1540 269 1574 solet.
303 1551 348 1573 an
381 1552 437 1574 res
470 1540 646 1583 quasdam
675 1539 800 1579 utiles,
848 1550 940 1582 quae
972 1538 1035 1572 diu
1066 1538 1220 1571 amissae
1254 1537 1470 1578 credantur,
1505 1536 1568 1570 sed
1603 1548 1690 1570 casu

137 1587 294 1630 quodam
327 1588 365 1620 in
399 1591 635 1631 conspectum
668 1590 818 1629 repente
851 1586 1027 1620 redeant?
1063 1585 1117 1618 At
1154 1596 1214 1618 eas
1240 1595 1307 1618 nec
1332 1584 1456 1617 multis
1484 1584 1588 1617 annis
1613 1584 1636 1618 i.
1664 1595 1692 1618 e.

136 1634 250 1678 longa
274 1637 404 1669 aetate.
441 1635 503 1668 sed
536 1645 602 1678 per
635 1633 854 1667 oblivionem
880 1633 940 1666 vel
974 1632 1249 1676 neglegentiam
1274 1631 1414 1664 ablatas
1448 1642 1514 1664 nec
1541 1630 1691 1671 ablatas,

137 1680 200 1714 sed
234 1681 388 1714 latentes
421 1685 649 1724 remotasque
682 1685 781 1714 recte
815 1680 926 1713 dicas.
985 1679 1170 1722 Cogitavit
1203 1678 1382 1712 Gruterus
1420 1678 1465 1711 de
1497 1677 1540 1710 iis
1573 1677 1691 1718 rebus,

137 1738 229 1771 quae
254 1727 291 1761 in
317 1728 494 1761 memoria
518 1728 710 1761 haerentes
743 1738 809 1771 per
835 1727 986 1771 longum
1011 1730 1155 1769 tempus
1187 1730 1248 1759 aut
1273 1726 1458 1758 intereant
1483 1727 1546 1758 aut
1570 1735 1690 1758 rever-

136 1778 280 1808 tantur:
314 1775 410 1808 unde
444 1775 555 1809 etiam
589 1774 678 1808 alios
705 1774 882 1818 quosdam
908 1773 997 1807 duos
1025 1773 1152 1806 similis
1180 1771 1386 1817 argumenti
1413 1782 1538 1805 versus
1563 1771 1690 1805 attulit

137 1822 309 1855 alterum:
351 1821 476 1863 „Hora
509 1832 616 1865 saepe
648 1821 773 1855 reddit
804 1833 876 1854 una
909 1820 1007 1864 quod
1041 1820 1258 1854 decennium
1284 1818 1470 1858 3113111111,ἰ
1512 1818 1688 1851 alterum:

138 1867 278 1911 „Multa
302 1868 395 1902 nulli
413 1869 575 1914 cogitata
592 1868 769 1912 temporis
786 1870 965 1911 punctum
983 1867 1116 1902 attulit.
1124 1870 1139 1885 ·‘
1181 1866 1282 1910 Quae
1304 1865 1560 1909 interpretatio
1578 1875 1687 1908 prop-

135 1919 236 1949 terea
261 1915 440 1959 displicet,
475 1915 572 1959 quod
602 1916 641 1949 in
665 1915 767 1948 nullo
793 1925 919 1948 versus
945 1914 1123 1948 vocabulo
1159 1914 1236 1947 eius
1263 1913 1464 1947 sententiae
1489 1912 1688 1956 vestigium

135 1965 377 1996 monstratur:
405 1974 496 2006 quae
514 1962 690 2006 explicari
707 1965 841 2006 posset,
869 1962 899 1994 si
924 1961 1014 1995 haec
1039 1961 1151 1994 verba
1176 1961 1402 2004 legerentur:
1433 1958 1559 2002 „Solet
1584 1959 1684 1998 hora,

136 2009 233 2053 quod
256 2010 399 2043 menti
425 2010 511 2043 anni
536 2008 773 2049 abstulerunt,
800 2008 982 2042 redderes
1020 2007 1095 2041 Nec
1114 2018 1199 2041 vero
1217 2006 1309 2040 illud
1333 2011 1433 2040 recte
1450 2005 1689 2051 intellegit-ur,

136 2056 234 2100 quod
260 2067 368 2100 saepe
393 2056 566 2100 quicquid
591 2056 754 2099 perierat
779 2055 933 2089 adsidua
957 2054 1116 2088 infelicis
1143 2054 1213 2087 soli
1239 2053 1443 2093 sterilitate,
1470 2053 1575 2086 unius
1603 2053 1687 2085 311111

134 2103 326 2137 restituere
358 2103 563 2137 ubertatem
596 2103 686 2136 dicit
720 2102 802 2137 Sen.
830 2113 884 2145 ep.
912 2100 980 2136 XI.
1008 2102 1028 2135 2
1055 2103 1133 2145 (ὅ1)
1164 2101 1190 2134 1.
1232 2099 1327 2133 Nam
1352 2111 1419 2134 nec
1444 2100 1571 2133 horam
1597 2099 1688 2132 dicit

137 2148 285 2189 Seneca,
313 2150 376 2183 sed
402 2161 547 2190 annum,
574 2161 641 2184 nec
667 2149 848 2183 Publilius
874 2148 1058 2192 agricolis,
1089 2148 1151 2181 sed
1175 2147 1384 2182 hominibus
1403 2149 1600 2190 praecepta
1616 2149 1691 2179 tra-

136 2197 200 2230 dit.
243 2196 386 2237 Restat,
413 2201 453 2230 ut
472 2197 520 2237 id,
548 2197 646 2240 quod
670 2196 777 2230 multi
794 2196 880 2230 anni
906 2194 1143 2235 abstulerunt,
1169 2195 1454 2237 interpretemur
1479 2204 1557 2227 esse
1582 2192 1693 2226 animi

138 2244 377 2287 corporisque
402 2244 498 2277 vires
526 2243 637 2287 longa
662 2246 783 2277 aetate
800 2243 859 2276 vel
885 2244 1072 2276 senectute
1097 2242 1294 2276 diminutas
1320 2244 1356 2274 et
1373 2240 1583 2275 exstinctas.
1617 2238 1691 2272 Eas

136 2301 223 2324 vero
250 2290 342 2324 hora
367 2291 532 2335 reparari
551 2290 669 2324 solere
695 2301 800 2323 nemo
818 2300 864 2323 ne
882 2289 982 2322 Baiis
1000 2289 1148 2331 quidem
1165 2288 1333 2332 perfusus
1352 2287 1488 2321 credet.
1527 2286 1576 2320 Et
1592 2290 1692 2319 recte

137 2336 317 2370 Publilius
342 2336 373 2370 F
398 2338 444 2372 20
469 2337 572 2382 (185)
598 2337 733 2371 frustra
759 2347 881 2370 senem
907 2335 1194 2370 adolescentiam
1219 2338 1385 2378 repetere
1412 2338 1449 2368 et
1474 2333 1614 2368 Seneca
1645 2333 1692 2366 ad

135 2383 251 2418 Marc.
278 2384 325 2418 de
352 2384 486 2419 consol.
512 2383 617 2418 XXI.
650 2384 678 2418 ἶ.
706 2386 861 2417 mortem
887 2383 954 2416 sub
980 2383 1060 2426 ipso
1087 2383 1185 2416 vitae
1210 2382 1368 2416 nomine
1384 2381 1497 2415 latere
1525 2380 1624 2420 dicit,
1651 2383 1692 2413 ut

135 2430 311 2464 infantem
342 2431 380 2464 in
413 2442 451 2465 se
484 2431 642 2475 pueritia
676 2431 909 2470 converterit,
945 2429 1141 2473 pueritiam
1164 2429 1348 2472 pubertas,
1386 2428 1555 2461 iuvenem
1581 2437 1691 2461 senex

135 2477 339 2513 abstulerit.
390 2477 636 2522 Quamobrem
670 2478 771 2519 haec,
804 2477 849 2510 de
881 2488 950 2520 qua
984 2476 1201 2519 quaerimus,
1238 2475 1420 2509 sententia
1453 2474 1584 2508 docere
1616 2484 1690 2507 non

135 2527 269 2568 potest,
304 2525 401 2567 quod
438 2525 548 2570 longa
582 2528 681 2558 aetas
716 2523 929 2565 abstulerit,
964 2523 1003 2556 id
1035 2523 1128 2556 hora
1160 2522 1284 2562 reddi,
1321 2522 1383 2556 sed
1411 2522 1450 2555 id
1475 2521 1576 2554 nulla
1600 2519 1690 2554 hora

136 2571 242 2605 reddi
266 2571 395 2605 docere
421 2571 540 2607 debet.
590 2571 715 2615 Atque
740 2571 779 2604 id
803 2571 922 2614 ipsum
948 2580 1000 2610 eo,
1029 2570 1126 2613 quod
1151 2569 1339 2613 proposui,
1365 2568 1454 2601 mihi
1480 2568 1609 2601 videor
1635 2577 1688 2599 as·

135 2622 279 2652 secutus
305 2629 394 2653 esse.

230 2666 286 2700 28.
324 2663 500 2706 Similem,
533 2665 597 2698 sed
629 2664 754 2708 paullo
780 2663 961 2697 diversam
988 2663 1208 2698 sententiam
1234 2663 1409 2706 scriptam
1425 2660 1571 2695 vidimis
1591 2658 1687 2703 apud

135 2709 241 2745 Publ.
277 2710 302 2745 S
328 2712 373 2746 20
405 2712 520 2756 (603).
553 2711 607 2746 Cf.
634 2710 724 2747 Sall.
758 2710 836 2745 Cat.
872 2711 927 2751 31,
955 2711 986 2745 9.
1022 2710 1233 2744 incendium
1266 2720 1386 2743 meum
1417 2708 1522 2741 ruina
1558 2706 1689 2739 restin-

135 2769 253 2802 guam.
282 2756 365 2792 Sen.
392 2758 437 2792 de
463 2758 566 2794 clem.
593 2757 623 2793 I.
651 2758 706 2798 25,
734 2759 765 2792 5.
793 2758 848 2798 26,
876 2758 907 2793 5.
