1967 3090
739 108 1113 163 —201—'

129 240 221 275 labis
247 237 475 284 pronuntiari
501 236 658 270 voluisse
685 248 766 270 cum
793 247 865 269 non
891 234 1064 269 credibile
1092 235 1156 268 sit:
1191 245 1316 267 versus
1343 233 1504 267 numeris
1531 233 1677 267 aliunde

128 286 329 322 remedium
361 283 609 320 adhibendum
636 286 701 318 est.
752 282 979 327 Quamquam
1005 293 1077 315 non
1104 282 1194 315 latet
1220 281 1301 314 aliis
1328 281 1419 314 locis
1447 283 1676 314 maturum

125 334 261 379 opponi
293 332 459 367 acerbo
485 330 547 375 (cs.
574 330 734 364 Phaedr.
762 330 834 365 fab.
861 328 928 364 IV.
957 329 987 369 3,
1006 329 1038 363 4.
1066 328 1188 372 Quint.
1216 327 1307 363 XII.
1336 330 1366 367 6,
1382 328 1431 369 2.)
1458 339 1530 361 non
1556 330 1676 361 tamen

126 381 253 415 dubito
288 381 374 425 quin
405 380 474 413 hoc
510 379 590 412 loco
624 381 853 411 maturum
887 376 943 410 fit
976 376 1045 411 vel.
1080 388 1126 409 m.
1163 375 1249 409 siet
1285 375 1521 419 depravatum
1555 375 1603 408 sit
1634 386 1678 408 ex

124 428 359 463 maturuit.
397 426 453 461 De
470 429 685 469 temporum,
705 436 794 468 quae
813 426 973 463 vocatur,
995 423 1254 466 consequentia
1273 422 1316 456 cf.
1336 421 1441 457 Publ.
1460 421 1490 454 L
1508 423 1546 456 11
1562 422 1677 464 (302).

218 476 274 510 21.
301 474 355 509 Cf.
382 472 551 508 Mienand.
587 475 740 506 monost.
777 471 856 506 638.
891 470 982 515 ἀνὴρ
1017 468 1148 504 δίκαιός
1182 471 1276 502 ἐστιν
1311 469 1371 509 οὐχ
1404 467 1422 501 ὁ
1457 469 1504 511 μὴ
1531 466 1680 506 ἀδικῶν,

124 520 199 555 ἀλλ’
234 522 330 556 ὅστις
363 520 498 554 ἀδικεῖν
531 519 729 562 δυνάμεως
761 517 801 552 οὗ
833 515 1011 561 βούλεται.
1074 516 1253 552 Ribbeck.
1281 515 1416 550 Coroll.
1450 527 1484 559 p.
1519 515 1675 550 XCVII.

124 569 264 604 Auson.
303 567 404 612 Sept.
452 567 537 611 Sap.
580 570 670 602 sent.
709 566 806 600 Bias.
849 566 881 601 6.
927 566 980 600 7.:
1028 564 1125 609 quod
1172 564 1362 608 prudentis
1409 562 1522 606 opus?
1588 562 1677 597 Cum

126 617 253 660 possit,
280 615 379 650 nolle
406 625 546 648 nocere.
599 613 694 657 Quid
721 613 823 646 stulti
849 611 1064 657 proprium?
1113 611 1197 646 Non
1223 622 1329 655 posse
1357 612 1393 643 et
1419 609 1513 644 velle
1532 621 1672 645 nocere.

125 663 230 698 Caec.
257 662 361 698 Balb.
388 674 422 707 p.
450 662 505 696 21.
531 660 631 695 Mon.
657 660 717 694 VI.
746 672 779 704 p.
807 660 862 695 38.
881 659 963 695 Par.
986 660 1039 694 15.
1067 658 1188 704 (Sent.
1210 659 1305 703 132.)
1331 657 1431 692 Sent.
1460 657 1552 691 falso
1579 657 1674 691 inter

124 710 229 745 Publ.
256 713 389 754 recept.
417 709 496 744 228.

219 758 274 792 22.
301 757 545 801 Opponuntur
569 755 760 788 vincere
786 757 823 789 et
848 754 974 788 vinci
1001 753 1097 798 apud
1125 752 1207 787 Sen.
1234 755 1307 786 nat.
1334 755 1472 796 quaest.
1500 751 1568 785 IV.
1597 752 1628 791 ¹2,
1646 753 1676 786 Γ).

126 804 249 850 (Nilus
276 804 425 847 flumen)
457 802 640 846 frangitur
673 802 769 836 enim
803 801 1078 836 occurrentibus
1105 800 1200 834 saxis
1228 803 1263 834 et
1290 811 1355 843 per
1381 802 1535 843 angusta
1561 798 1676 832 reluc-

123 855 237 893 tatus,
273 852 475 894 ubicunque
508 849 622 883 vincit
655 853 717 883 aut
749 847 925 889 vincitur,
961 848 1122 883 fluctuat.
1157 847 1243 881 ibid.
1278 846 1346 881 IV.
1386 848 1484 885 ]1‚2.
1519 846 1615 879 inter
1640 857 1678 879 se

123 900 318 934 vincuntur
345 901 381 932 et
405 898 566 931 vincunt.
618 896 795 931 Cedere
822 897 842 931 i.
870 908 899 931 e.
927 907 1055 940 parere
1082 895 1126 930 cf.
1147 894 1228 929 Sen.
1257 894 1302 928 de
1327 893 1446 929 benef.
1471 892 1543 927 III.
1572 893 1626 934 38,
1645 894 1676 927 2.

124 946 335 990 parentibus
368 946 457 979 meis
491 944 613 989 parui,
648 945 750 980 cessi.
813 943 869 978 De
903 943 1087 977 sententia
1119 942 1262 976 confert
1295 941 1472 976 Gruterus
1505 941 1677 984 Calpurn.

123 993 243 1029 Flacc
271 993 361 1027 decl.
389 994 444 1028 21.
472 992 559 1026 cede
586 991 710 1032 fratri,
745 992 832 1026 cede
866 991 924 1025 vel
950 991 1058 1035 patri.
1093 990 1212 1024 victor
1246 990 1332 1030 eris⁷
1369 989 1457 1022 mihi
1492 988 1610 1028 crede,
1649 989 1677 1021 si

123 1041 286 1076 cesseris

217 1088 273 1123 23.
302 1087 385 1122 Sen.
418 1087 463 1121 de
498 1087 539 1122 ir.
575 1085 605 1121 I.
640 1086 671 1126 8,
688 1086 719 1120 2.
754 1085 949 1130 imprimis,
984 1086 1149 1129 inquam,
1185 1083 1316 1118 finibus
1351 1083 1466 1117 hostis
1502 1082 1677 1116 arcendus

125 1138 192 1170 est.
227 1146 312 1169 nam
346 1146 427 1169 cum
453 1134 603 1168 intravit
630 1137 664 1167 et
692 1133 808 1177 portis
835 1144 872 1167 se
899 1133 1042 1172 intulit,
1076 1132 1253 1166 modum
1280 1142 1300 1165 a
1327 1131 1480 1175 captivis
1508 1142 1580 1164 non
1606 1141 1678 1164 ac-

124 1183 254 1226 cipit.
307 1181 361 1217 Cf.
388 1181 493 1216 Publ.
522 1181 555 1215 N
581 1181 625 1215 27
651 1181 766 1225 (403).
816 1179 850 1214 N
876 1182 919 1216 33
947 1181 1062 1225 (409).

219 1230 274 1264 24.
301 1229 410 1263 Hunc
436 1240 579 1263 versum
599 1228 782 1262 senarium
800 1239 877 1262 esse
897 1231 997 1262 vetat
1014 1227 1173 1271 primum
1191 1225 1341 1259 verbum
1358 1237 1381 1258 n
1394 1236 1438 1259 es
1451 1225 1531 1260 cio.
1571 1224 1680 1268 Quod

124 1289 206 1310 cum
232 1288 305 1311 non
331 1276 447 1320 possit
473 1276 542 1309 nisi
569 1275 704 1319 dactyli
723 1274 853 1319 pedem
872 1275 1064 1319 complere.
1092 1275 1121 1308 is
1140 1284 1226 1308 vero
1246 1284 1333 1306 uno
1361 1272 1499 1306 verbo
1518 1272 1678 1305 inclusus

125 1327 160 1358 et
187 1323 374 1358 absolutus
399 1324 436 1357 in
462 1323 593 1357 senarii
619 1322 724 1356 initio
751 1321 956 1356 rarissimus
983 1322 1197 1362 inveniatur,
1225 1320 1295 1354 nisi
1321 1319 1416 1354 forte
1443 1319 1593 1353 elisione
1612 1320 1677 1353 mi-

123 1373 252 1404 nutum
278 1374 332 1405 est
358 1370 417 1415 (cf.
444 1370 551 1405 Publ.
578 1370 613 1403 A
640 1371 671 1404 4.
700 1370 730 1404 9.
760 1370 813 1404 50.
865 1369 892 1403 C
919 1369 963 1402 25
990 1370 1100 1409 (110).
1151 1367 1181 1401 P
1209 1368 1252 1402 16
1279 1367 1392 1411 (465).
1442 1366 1472 1399 P
1499 1367 1542 1401 24
1564 1367 1677 1409 (473).

124 1417 150 1452 S
180 1419 226 1453 40
260 1418 372 1462 (623).
408 1418 491 1452 coll.
526 1417 682 1451 Phaedr.
716 1416 745 1450 I.
780 1417 883 1457 8,12.
917 1418 972 1457 29,
989 1418 1019 1451 6.
1070 1415 1121 1452 II.
1155 1416 1293 1458 8,16.):
1330 1415 1466 1448 inserto
1501 1414 1678 1447 vocabulo

124 1465 256 1499 aliud
290 1476 435 1499 versum
466 1465 685 1508 quadratum
712 1463 824 1498 effeci.
876 1463 981 1507 Quod
1008 1464 1184 1497 insertum
1209 1463 1281 1506 ipsi
1307 1461 1508 1495 sententiae
1535 1461 1680 1495 videtur

123 1512 315 1557 prodesse3
351 1524 436 1546 nam
470 1516 509 1546 ut
544 1512 755 1555 cogitare
788 1511 896 1546 homo
931 1511 1134 1555 improbus,
1171 1511 1232 1554 qui
1259 1509 1366 1542 alteri
1393 1508 1588 1542 insidiatur
1615 1508 1676 1549 (cf.

123 1559 230 1594 Publ.
257 1559 287 1593 P
314 1560 335 1595 8
362 1560 473 1604 (457).
525 1559 599 1593 Cic.
628 1558 705 1593 Cat.
740 1558 770 1593 Ι.
806 1560 837 1599 3,.
856 1559 888 1593 8.
916 1559 1011 1601 4,(3.)
1038 1558 1090 1591 ita
1122 1557 1252 1591 aliud
1286 1556 1499 1599 cogitare
1534 1555 1678 1596 dicitur,

123 1607 184 1651 qui
218 1607 352 1641 sentire
387 1607 504 1647 aliud,
539 1606 639 1640 aliud
673 1606 772 1649 loqui
806 1606 863 1639 vel
898 1617 1007 1651 agere
1041 1608 1191 1649 putatur
1229 1603 1272 1638 cf.
1300 1603 1406 1638 Publ.
1433 1602 1472 1636 H
1499 1604 1541 1637 14
1567 1603 1678 1646 (216).

124 1654 198 1690 Cic.
225 1654 326 1690 Fam.
353 1653 465 1688 VIII.
494 1655 526 1689 3.
554 1654 647 1687 solet
674 1653 770 1686 enim
797 1653 896 1687 aliud
923 1653 1057 1687 sentire
1085 1655 1119 1686 et
1147 1652 1256 1696 loqui.
1307 1650 1419 1684 Hom.
1445 1649 1490 1683 11.
1511 1649 1578 1685 IX.
1599 1650 1678 1685 313.

124 1701 286 1745 Theogn.
314 1702 369 1737 87.
396 1701 452 1736 88.
486 1702 533 1743 μή
560 1700 594 1743 μ’
631 1701 750 1733 ἔπεσιν
776 1702 841 1739 μὲν
868 1703 997 1745 οτὲργε,
1035 1700 1123 1733 ι’όον
1149 1698 1178 1731 δ’
1208 1700 1259 1739 ἔχε
1286 1701 1343 1730 καὶ
1370 1700 1498 1743 φρένας
1523 1694 1624 1740 ἄλλῃ,
1650 1699 1680 1729 εἴ

123 1763 167 1792 με
201 1747 311 1792 φιλεῖς
344 1752 401 1781 καί
427 1761 480 1782 σοι
506 1748 629 1782 πιστός
663 1749 777 1780 ἔνεστι
811 1748 903 1782 νόος.
945 1748 1000 1782 91.
1036 1748 1091 1782 92.
1125 1746 1163 1781 ὃς
1199 1744 1235 1779 δὲ
1268 1746 1328 1788 μιῇ
1355 1743 1494 1790 γλώσσῃ
1521 1743 1582 1785 dci
1612 1745 1678 1784 ἔχει

124 1797 222 1837 νόον,
248 1792 352 1830 οὗτος
376 1798 510 1841 &nepos
535 1794 659 1833 δειλὸς,
687 1794 815 1841 Κύρν’,
841 1794 968 1840 ἐχθρὸς
993 1793 1166 1838 βέλτερος,
1195 1793 1214 1836 ἢ
1241 1792 1342 1838 φίλος
1367 1789 1432 1826 ὦν.
1471 1792 1525 1827 235.
1555 1792 1609 1827 96.
1637 1789 1678 1825 0ἷῖ

123 1856 158 1876 τι
183 1842 264 1886 μάλ’
293 1842 434 1881 ἐσθλὸς,
459 1843 497 1878 ὅς
515 1842 542 1875 κ’
564 1845 643 1885 εἴπῃ
662 1842 800 1886 γλώσσῃ
820 1841 951 1882 λῷστα,
978 1842 1092 1887 φρονῇ
1110 1839 1138 1874 δ’
1159 1842 1270 1887 ἕτερα.
1311 1839 1456 1874 Similes
1476 1839 1679 1873 sententiae

125 1894 209 1925 sunt
234 1890 339 1926 Publ.
366 1890 397 1924 B
425 1890 467 1925 18
493 1891 583 1935 (61).
635 1890 673 1924 M
701 1890 746 1924 60
772 1891 885 1932 (366).

221 1938 275 1973 25.
302 1937 613 1978 Mendicitas‚
642 1949 750 1980 quam
767 1936 796 1970 T
815 1936 1040 1970 necessitatis
1060 1936 1222 1979 inopiam
1238 1935 1513 1978 interpret-atur⁷
1541 1945 1681 1967 summa

126 1989 268 2029 egestas
295 1988 350 2019 est
376 1985 422 2020 cf.
442 1985 515 2020 Cic.
535 1985 614 2020 Cat.
641 1984 708 2018 IV.
737 1986 767 2025 57
788 1985 837 2018 10.
867 1983 1033 2028 adiungit
1055 1983 1166 2016 etiam
1183 1981 1469 2026 publicationem
1488 1981 1678 2021 bonorum,

125 2035 165 2066 ut
191 2044 314 2066 omnes
342 2033 453 2066 animi
480 2033 657 2066 cruciatus
685 2035 720 2065 et
747 2031 909 2075 corporis
936 2030 1046 2064 etiam
1073 2033 1214 2075 egestas
1234 2032 1270 2063 et
1288 2029 1575 2062 mendicitas
1595 2039 1679 2062 con-

126 2083 307 2123 sequatur.
359 2079 432 2113 Cic.
460 2079 554 2113 Phil.
574 2078 643 2113 XI.
670 2079 701 2114 2.
732 2080 778 2112 ad
804 2080 1034 2122 praesentem
1058 2080 1203 2121 pastum
1228 2075 1557 2110 mendicitatis
1585 2086 1679 2109 suae.

125 2126 198 2162 Cio.
234 2139 301 2171 pro
330 2125 452 2161 Flacc.
490 2126 543 2160 15.
577 2126 725 2160 Fratres
760 2128 946 2159 consortes
980 2124 1315 2158 mendicitatis,
1367 2122 1450 2157 Sen.
1484 2122 1528 2156 de
1561 2125 1679 2165 tranq.

124 2174 246 2208 animo
263 2173 332 2209 XI.
352 2174 382 2209 9.
403 2185 494 2217 quae
513 2177 596 2207 sunt
615 2174 772 2213 divitiae,
797 2184 885 2216 quas
903 2183 976 2205 non
994 2174 1135 2217 egestas
1154 2175 1190 2205 et
1207 2170 1321 2204 fames
1341 2173 1377 2204 et
1395 2181 1491 2204 men
1503 2169 1622 2203 dicit
1634 2181 1680 2203 as

126 2232 147 2254 a
172 2224 276 2266 tergo
305 2225 486 2264 sequatur.
512 2221 697 2255 mendicos
726 2221 762 2254 in
788 2219 959 2264 pontibus
986 2222 1090 2252 notat
1116 2218 1241 2253 Iuven.
1269 2217 1344 2252 Sat.
1370 2217 1438 2253 IV.
1468 2217 1545 2252 116.
1573 2216 1678 2251 XIV.

128 2269 206 2304 134.
257 2269 312 2303 Of.
338 2268 439 2313 Lips.
467 2268 513 2302 ad
541 2268 624 2303 Sen.
652 2268 696 2302 de
722 2269 784 2302 vit.
812 2267 907 2302 beat.
934 2266 1056 2301 XXV.
1085 2268 1115 2301 1.
1166 2265 1322 2299 Poena
1357 2265 1520 2304 vexatio,
1554 2267 1679 2298 contu-

125 2315 244 2356 melia,
271 2319 493 2350 tormentum
519 2326 669 2349 numero
697 2318 733 2349 et
765 2314 941 2360 singulari
966 2316 1003 2348 et
1028 2313 1164 2357 plurali
1191 2315 1405 2357 usurpatur:
1433 2323 1498 2346 nos
1526 2311 1680 2345 dicimus

129 2361 282 2404 „Pein‚
309 2362 520 2397 Marter⁴<.
573 2362 628 2397 Cf.
657 2362 740 2396 Seu.
768 2374 823 2406 ep.
851 2361 880 2396 I.
909 2362 939 2402 5,
956 2361 986 2396 5.
1013 2360 1264 2405 frugalitatem
1291 2359 1404 2403 exigit
1434 2358 1678 2403 philosophia,

126 2421 199 2444 non
232 2421 435 2453 poenam.
487 2409 611 2453 Quint.
645 2420 806 2453 prooem.
848 2410 897 2443 13.
930 2412 965 2442 te
1000 2409 1161 2441 omnium
1188 2418 1251 2451 spe
1276 2407 1426 2441 Atticae
1453 2406 1681 2450 eloquentiae

127 2456 361 2491 candidatum
387 2461 567 2501 superstes
596 2468 727 2502 parens
753 2459 896 2490 tantum
922 2455 968 2489 ad
993 2467 1167 2499 poenas
1194 2454 1322 2488 amisi?
1349 2475 1393 2479 —
1421 2452 1475 2488 De
1502 2453 1681 2487 sententia

128 2503 172 2539 Cf.
199 2503 305 2539 Publ.
338 2504 368 2538 P
404 2505 423 2539 5
457 2506 568 2547 (454).
619 2504 780 2547 Theogn.
811 2504 888 2537 175.
924 2501 1022 2547 ἄνδρ’
1051 2502 1197 2546 ἀγαθὸν
1224 2505 1326 2543 πενίη
1354 2502 1504 2533 πάντων
1530 2498 1681 2542 δάμνησι

125 2549 289 2593 μάλιστα.
342 2552 418 2587 181.
450 2552 526 2587 182.
543 2546 776 2594 ἑτεθιίπὶλιιεναι,
797 2549 874 2595 φίλε
894 2550 1029 2595 Κύρνε,
1042 2550 1195 2595 πενιχρῷ
1212 2547 1382 2594 βέλτερον
1400 2546 1514 2592 ἀνδρὶ,
1536 2546 1556 2589 ἢ
1577 2547 1680 2587 ζώειν

126 2596 259 2641 χαλεπῇ
293 2600 500 2642 τειρόμενον
536 2602 650 2641 πενίῃ.
702 2598 825 2642 Quint.
860 2597 1012 2631 declam.
1038 2596 1129 2632 XII.
1163 2597 1219 2632 27.
1255 2595 1325 2631 vol.
1354 2594 1427 2630 III.
1454 2606 1489 2638 p.
1517 2594 1595 2629 24Τ.
1624 2594 1679 2629 ed.

127 2645 207 2690 Bip.
242 2646 332 2680 adeo
367 2657 411 2680 ne
444 2646 540 2691 apud
574 2646 710 2680 inferos
742 2645 890 2689 quidem
923 2644 998 2678 ulla
1030 2655 1147 2688 poena
1183 2646 1239 2678 est
1272 2643 1367 2676 fame
1393 2642 1519 2676 maior.
1570 2640 1679 2675 Prov.

128 2691 257 2729 Graec.
293 2694 389 2737 apud
414 2693 554 2728 Erasm.
580 2693 699 2738 Adag.
737 2704 771 2736 p.
799 2692 899 2727 564:
934 2692 1076 2731 πτωχοῦ
1102 2690 1198 2735 φίλοι
1223 2689 1296 2723 οὐδ’
1324 2692 1359 2723 οἱ
1385 2690 1570 2734 γενήτορες
1596 2687 1679 2722 coll.

128 2740 259 2783 Apost.
287 2744 380 2776 cent.
407 2740 492 2774 XV.
520 2741 550 2775 Τ.
