1967 3090
760 129 813 134 -—
878 107 959 148 157
1023 129 1077 134 —

144 220 278 254 abiisse
305 219 524 254 credendum
551 223 623 254 est:
651 231 802 263 „quem
828 231 955 254 nemo
982 220 1156 254 videt?·‘
1176 220 1313 262 Quibus
1331 219 1437 254 rebus
1456 220 1631 264 expositis
1649 220 1695 253 ad

146 267 290 312 singula
307 270 545 301 transeamus.
571 266 740 301 Facere
765 278 842 310 gra
854 266 950 300 dum
977 267 1110 300 dicitur
1136 268 1195 309 qui
1215 267 1260 300 ab
1287 267 1359 301 alia
1384 279 1423 301 re
1450 266 1495 300 ad
1513 267 1620 301 aliam
1637 267 1696 301 vel

144 326 165 348 a
191 324 229 347 re
255 314 394 348 minore
421 314 466 347 ad
493 314 665 347 maiorem
694 313 966 357 transgreditur
992 314 1038 349 cf.
1066 313 1139 349 Cic.
1167 313 1254 348 Ver.
1282 314 1332 349 II.
1362 315 1378 348 ’1
1400 314 1533 359 gradus
1552 314 1695 358 imperii

141 360 258 395 factus
285 364 348 395 est.
388 360 467 396 Liv.
494 361 524 398 6.
553 361 607 396 35.
628 360 792 395 conando
811 361 1023 405 agendoque
1041 361 1112 394 iam
1136 372 1177 394 eo
1196 361 1351 403 gradum
1370 360 1500 395 fecisse
1519 361 1694 405 plebeios,

142 408 237 442 unde
253 436 260 443 .
277 436 284 443 .
311 408 502 451 pervenire
529 408 571 441 ad
600 419 784 441 summa..
812 412 970 451 possent.
1014 407 1093 442 Liv.
1120 409 1175 448 27,
1203 410 1234 442 ti.
1263 420 1306 441 ex
1332 408 1519 442 aedilitate
1536 408 1691 453 gradum

144 455 191 489 ad
217 466 404 489 censorem
430 454 526 490 fecit.
577 455 701 498 Quint.
727 453 801 488 ΠΙ.
828 455 858 494 6,
887 456 919 489 8.
946 455 1092 488 interim
1120 455 1165 488 ad
1192 466 1243 494 ca,
1263 466 1353 497 quae
1372 458 1457 488 sunt
1474 455 1692 499 potentiora,

144 501 297 546 gradum
324 513 367 535 cx
392 502 450 535 his
477 502 605 535 fecisse
631 502 803 535 contenti.
855 501 952 535 Hinc
978 501 1113 536 multae
1139 513 1180 535 ac
1207 502 1329 535 variae
1348 501 1525 536 dictiones
1551 502 1692 546 fingun-

143 551 220 591 tur3
256 549 411 592 gradum
436 549 592 589 flectere,
628 548 718 582 dicit
744 547 884 582 Seneca
909 549 1081 593 tragicuS,
1116 549 1178 592 qui
1205 560 1247 582 eo
1274 549 1419 583 nomine
1445 550 1581 583 centies
1608 561 1693 583 usus

143 598 208 635 est,
235 595 347 631 Herc.
374 594 458 629 Fur.
494 596 583 636 672
619 595 812 629 deflectere
839 595 952 631 Theb.
987 596 1030 635 4.‚
1059 597 1185 629 sistere
1211 595 1324 630 Herc.
1349 595 1435 631 Fur.
1462 597 1532 636 71..
1559 596 1695 631 inferre

141 642 293 687 Hippol.
321 644 400 678 720.
427 642 506 678 Oct.
534 643 588 678 74.
616 642 703 677 Oed.
731 642 820 682 548..
848 643 1032 677 concitare
1058 642 1171 678 Theb.
1198 644 1289 682 402..
1315 646 1459 676 tentare
1485 642 1573 677 Oed.
1601 644 1693 685 378..

141 690 209 725 889
237 690 372 724 referre
398 689 485 725 Oed.
505 690 596 730 708..
618 689 775 735 dirigere
797 689 910 724 Theb.
933 690 999 729 6¹2..
1031 690 1124 724 ferre
1143 689 1277 725 Troad.
1307 690 1419 730 1152..
1448 690 1575 724 efferre
1595 690 1692 726 Med.

141 736 224 772 Oct.
253 738 330 772 160.
358 737 448 778 666.,
476 737 539 770 alii
565 737 682 771 aliter.
732 736 813 770 Iam
838 748 924 771 vero
950 737 1113 772 Fortuna
1139 738 1190 771 sic
1215 737 1371 782 gradum
1398 736 1519 771 facere
1546 737 1691 779 dicitur,

141 786 182 818 ut
206 795 311 819 nemo
337 784 564 818 remorari
590 784 723 827 possit:
751 784 850 818 cuius
868 784 969 818 verbi
996 785 1114 819 activa
1139 785 1193 818 vis
1220 788 1257 818 et
1274 787 1436 828 potestas
1461 787 1548 818 nota
1566 787 1621 818 est
1647 796 1691 818 ex

141 829 207 866 OV.
234 830 332 865 Fast.
360 830 427 865 VI.
455 831 534 866 770.
561 831 640 866 771.
667 834 833 875 tempora
859 831 1034 865 labuntur
1062 832 1255 875 tacitisque
1282 832 1499 865 senescimus
1526 833 1630 865 annis
1658 836 1694 865 et

141 877 287 923 fugiunt
312 878 415 912 freno
441 889 513 911 non
539 882 746 912 remorante
773 879 863 914 dies.
906 879 1070 913 Eandem
1103 879 1261 913 activam
1286 878 1387 913 vides
1421 879 1519 922 apud
1546 878 1621 914 Cic.
1649 879 1693 913 de

139 925 226 969 imp.
254 925 318 959 Cn.
345 924 473 969 Pomp.
500 924 607 960 XIV.
634 926 689 959 40.
716 926 785 960 hae
809 937 865 959 res
893 937 983 969 quae
1010 930 1150 960 ceteros
1179 927 1353 960 remorari
1381 925 1517 968 solent3
1553 927 1692 960 intran-

141 973 286 1006 sitivam
312 972 407 1017 apud
434 971 517 1007 Sen.
545 972 589 1007 de
614 973 712 1008 brev.
739 973 800 1007 vit.
821 972 933 1008 VIII.
962 974 992 1008 ἶ).
1019 985 1195 1017 nusquam
1222 974 1432 1007 devertetur
1456 974 1590 1017 (aetas)
1608 985 1691 1007 nus·

138 1030 247 1062 quam
272 1020 528 1054 remorabitur.
590 1019 693 1054 Unus
720 1020 807 1060 dies.
842 1020 959 1064 inquit
986 1020 1069 1054 Sen.
1107 1032 1162 1064 ep.
1196 1020 1227 1056 I.
1269 1022 1317 1056 12.
1354 1021 1396 1060 6..
1432 1020 1568 1065 gradus
1595 1021 1691 1054 vitae

140 1069 206 1101 est.
255 1066 307 1101 Ut.
340 1070 494 1110 tempus,
522 1067 574 1100 ita
599 1066 761 1101 Fortuna
795 1068 949 1111 gradum
976 1067 1063 1102 facit
1090 1071 1168 1101 tum
1195 1080 1276 1101 cum
1303 1068 1460 1110 aliquam
1494 1079 1615 1101 rerum
1640 1068 1691 1101 vi-

140 1114 389 1148 cissitudinem
414 1114 574 1149 molitur.
602 1118 642 1147 ut
667 1115 717 1148 ait
744 1114 826 1150 Sen.
854 1114 964 1150 Herc.
991 1114 1078 1149 Fur.
1105 1116 1182 1150 208.
1211 1116 1297 1149 209:
1325 1114 1406 1148 finis
1433 1115 1581 1148 alterius
1606 1115 1693 1148 mali

139 1160 273 1205 gradus
308 1164 363 1195 est
388 1160 512 1196 futuri.
564 1161 662 1195 Hinc
695 1161 784 1195 haec
811 1173 935 1195 versus
975 1163 1154 1196 sententia
1180 1165 1250 1197 est:
1294 1160 1374 1203 „Sic
1400 1161 1563 1195 Fortuna
1588 1161 1692 1195 firmo

139 1219 182 1242 ac
219 1209 403 1242 constanti
436 1209 529 1252 pede
567 1220 733 1253 gressum
772 1209 892 1249 infert,
925 1213 969 1242 ut
1009 1210 1109 1243 nullo
1148 1209 1254 1243 modo
1295 1209 1474 1243 retardari
1513 1212 1575 1242 aut
1613 1210 1692 1243 sisti

140 1255 287 1298 possit.“
327 1254 384 1288 De
418 1266 487 1297 qua
514 1256 691 1289 sententia
724 1256 879 1289 multum
913 1268 954 1290 ac
987 1267 1093 1299 saepe
1129 1257 1224 1300 apud
1251 1260 1391 1290 veteres
1424 1256 1618 1290 decantata
1644 1256 1693 1291 cf.

142 1301 248 1337 Publ.
275 1301 305 1335 F
334 1303 375 1336 12
403 1302 516 1347 (2177).
556 1301 638 1337 Sen.
666 1303 711 1336 ad
737 1302 864 1346 Polyb.
893 1303 937 1337 de
965 1303 1099 1337 consol.
1125 1303 1191 1338 IV.
1221 1305 1250 1338 ’1.
1277 1303 1413 1337 diutius
1431 1314 1598 1337 accusare
1618 1303 1692 1337 fata

142 1359 344 1392 possumus,
373 1352 516 1383 mutare
534 1360 606 1383 non
631 1361 830 1393 possumus.
857 1354 931 1385 nat.
952 1354 1088 1393 quaest.
1107 1350 1158 1385 II.
1179 1351 1232 1391 35,
1253 1351 1285 1384 ⁴2.
1310 1350 1384 1384 fata
1403 1350 1693 1384 irrevocabiliter

143 1396 197 1430 ius
233 1407 336 1429 suum
363 1399 542 1440 peragunt
568 1407 634 1430 nec
659 1397 735 1430 ulla
761 1401 1038 1431 commoventur
1063 1409 1181 1441 prece.
1208 1408 1281 1431 non
1306 1398 1557 1431 misericordia
1584 1397 1691 1439 flecti,

142 1454 216 1476 non
249 1444 367 1488 gratia
402 1444 531 1478 sciunt.
573 1455 719 1477 cursum
754 1444 1034 1478 inrevocabilem
1068 1445 1233 1489 ingressa
1267 1456 1310 1478 ex
1343 1444 1523 1478 destinato
1565 1444 1690 1479 fluunt.

143 1490 445 1533 quemadmodum
477 1490 689 1534 rapidorum
721 1488 813 1534 a'qua
847 1493 1063 1525 torrentium
1097 1492 1134 1525 in
1169 1503 1206 1525 se
1240 1503 1311 1525 non
1337 1492 1492 1525 recurrit
1523 1503 1589 1525 nec
1615 1503 1690 1525 mo-

138 1540 240 1571 ratur
274 1537 430 1581 quidem,
468 1538 552 1581 quia
582 1538 743 1581 priorem
777 1540 1034 1582 superveniens
1068 1539 1303 1583 praecipitat:
1345 1539 1395 1572 sic
1427 1538 1592 1572 ordinem
1626 1538 1692 1573 fati

140 1595 262 1618 rerum
290 1588 437 1619 aeterna
463 1585 572 1618 series
599 1588 706 1625 rotat,
735 1586 835 1619 cuius
862 1586 951 1620 haec
965 1587 1083 1629 prima
1109 1586 1167 1620 lex
1194 1589 1264 1621 est:
1293 1589 1390 1619 stare
1417 1585 1575 1620 decreto.
1608 1586 1690 1621 coll.

139 1634 214 1666 nat.
241 1634 378 1675 quaest.
405 1631 457 1665 II.
485 1632 539 1670 37,
567 1632 598 1667 3.
627 1643 681 1676 ep.
708 1631 760 1668 II.
787 1633 808 1667 4
834 1633 912 1677 (¹16)
939 1633 972 1668 4.
1010 1633 1149 1667 Auson.
1177 1634 1290 1678 epigr.
1322 1633 1398 1668 137.
1422 1632 1583 1666 Fortuna
1600 1645 1690 1666 nun-

140 1689 248 1722 quam
282 1679 379 1712 sistit
413 1679 451 1712 in
476 1679 604 1713 eodem
638 1682 745 1714 statu.
773 1691 916 1724 semper
941 1683 1125 1715 movetur:
1161 1681 1277 1714 variat
1311 1684 1346 1714 et
1377 1683 1492 1713 mutat
1527 1680 1622 1714 vices
1655 1684 1692 1714 et

141 1737 280 1759 summa
306 1726 343 1759 in
368 1726 481 1759 imum
506 1727 618 1760 vertit
644 1737 685 1760 ac
711 1738 816 1761 versa
843 1728 963 1771 erigit.
1002 1727 1078 1761 Nec
1105 1727 1319 1761 recentioris
1345 1727 1541 1760 memoriae
1560 1729 1691 1771 poetae

142 1773 187 1806 de
213 1773 452 1817 insuperabili
476 1772 661 1807 Fortunae
687 1774 723 1807 vi
758 1777 793 1807 et
828 1775 977 1808 saevitia
1005 1775 1186 1815 dubitant⁷
1213 1774 1314 1808 velut
1340 1773 1626 1818 Shakespearius
1654 1774 1690 1807 in

143 1831 185 1854 ea
210 1819 342 1860 fabula,
370 1831 478 1863 quam
503 1820 689 1864 inscripsit
715 1820 1147 1863 Sommernachtstraum,
1182 1821 1211 1857 I.
1242 1823 1259 1855 1
1287 1822 1348 1866 (ex
1373 1833 1465 1857 vers.
1492 1820 1690 1866 Schlegelii

138 1870 175 1901 et
199 1866 338 1901 Tieckii
363 1871 450 1902 tom.
476 1866 544 1903 IV.
572 1879 606 1911 p.
633 1867 747 1912 2640:

421 1949 526 1984 Doch
553 1949 606 1984 eh⁷
635 1950 694 1984 ein
719 1950 873 1984 Mensch
898 1963 1046 1996 vermag
1072 1964 1114 1985 zu
1141 1963 1271 1996 sagen:
1300 1951 1444 1985 schaut!

422 1996 592 2042 Schlingt
616 1998 734 2042 gierig
759 1998 822 2031 ihn
850 1998 907 2032 die
933 1997 1155 2032 Finsterniss
1181 1998 1311 2032 hinab:

420 2043 468 2077 So
495 2044 636 2078 schnell
662 2044 882 2079 verdunkelt
909 2045 985 2079 sich
1012 2046 1076 2079 des
1104 2045 1262 2080 Gliickes
1290 2044 1434 2080 Schein.

140 2106 202 2137 aut
229 2102 430 2137 Schillerus
456 2107 599 2138 nostras
626 2105 736 2148 poeta
762 2104 801 2137 in
826 2105 996 2146 carmine,
1025 2105 1122 2148 quod
1138 2105 1325 2149 inscripsit
1342 2104 1566 2146 Kassandra,
1593 2117 1624 2139 V.
1652 2105 1689 2139 7:

561 2173 637 2207 Das
667 2173 878 2218 Verbangte
904 2186 1001 2208 muss
1027 2175 1242 2220 geschehen‚

559 2220 634 2255 Das
661 2220 900 2255 Gefiirchtete
926 2233 1023 2255 muss
1049 2222 1156 2257 nahn.

232 2291 363 2325 Restat
396 2294 437 2324 ut
471 2294 676 2325 ceterorum
702 2292 881 2326 editorum
906 2292 1226 2336 interpretationes
1254 2304 1470 2327 enumerem.
1513 2292 1688 2326 Erasmus

142 2338 287 2382 quidem
311 2339 349 2372 id
374 2338 470 2381 quod
496 2339 641 2382 scripsit
669 2339 719 2372 sic
745 2339 1028 2382 interpretatur:
1057 2339 1241 2381 „Fortuna
1259 2340 1343 2374 facit
1363 2340 1591 2380 invidiosum,
1619 2340 1687 2373 nisi

141 2386 263 2425 lateat,
301 2396 386 2430 ergo
414 2385 677 2420 dissimulanda
703 2389 801 2420 est“:
829 2386 876 2420 ad
895 2398 1001 2429 quam
1020 2387 1238 2421 sententiam
1256 2387 1513 2421 illustrandum
1531 2387 1688 2421 afferunt

140 2432 304 2466 Thaletis
321 2436 558 2476 praeceptum
576 2433 673 2477 apud
692 2432 792 2467 Stob.
806 2432 920 2468 Serln.
935 2433 1009 2468 III.
1025 2433 1091 2475 τὴν
1102 2433 1265 2475 εὐτυχίαν
1277 2435 1407 2479 κρύπτε
1419 2434 1685 2479 φθόνουχάριικ

138 2479 188 2513 Et
213 2478 410 2521 Gruterus.
448 2490 533 2513 vere
571 2483 696 2525 gratus
724 2482 795 2520 est,
835 2481 961 2524 inquit,
998 2482 1059 2524 qui
1091 2484 1146 2515 est
1179 2481 1318 2515 minute
1351 2481 1462 2516 dives
1522 2480 1688 2525 Scaliger

138 2529 260 2560 autem
285 2526 458 2570 explicat:
485 2526 597 2560 Dives
627 2527 737 2561 etiam
762 2527 908 2572 ignotus
927 2528 971 2562 de
990 2528 1081 2562 facie
1100 2531 1226 2572 gratus
1246 2531 1300 2562 est
1318 2528 1352 2562 h.
1373 2540 1402 2562 e.
1422 2540 1546 2562 omnes
1565 2528 1686 2561 favent

140 2573 326 2615 divitibus,
353 2576 528 2617 quantum
552 2574 606 2607 vis
633 2574 767 2617 alioqui
784 2586 857 2608 non
875 2574 996 2619 dignis
1016 2586 1057 2609 ac
1075 2587 1120 2609 ne
1138 2576 1234 2609 notis
1253 2575 1409 2619 quidem.
1451 2575 1686 2609 IVoelfllinus

139 2632 225 2655 vero
260 2621 310 2654 sic
345 2621 561 2655 sententiam
597 2622 764 2664 exponit:
800 2621 967 2662 Absenti.
1003 2623 1063 2665 qui
1089 2623 1223 2656 nonin
1258 2634 1319 2656 ore
1356 2623 1485 2656 cisium
1511 2624 1685 2661 versatur,

140 2668 299 2712 gratiam
325 2668 493 2702 conciliat
520 2668 599 2712 ipsa
617 2668 801 2702 absentiae
821 2669 996 2704 condicio.
1015 2669 1183 2713 Denique
1201 2668 1423 2704 Ribbeckius
1442 2669 1686 2703 coniecturam
